@article{Sharif2000,
    title = {{A computationally efficient Doppler compensation system for underwater acoustic communications}},
    year = {2000},
    journal = {IEEE Journal of Oceanic Engineering},
    author = {Sharif, Bayan S. and Neasham, Jeff and Hinton, Oliver R. and Adams, Alan E.},
    number = {1},
    pages = {52--61},
    volume = {25},
    doi = {10.1109/48.820736},
    issn = {03649059}
}

@article{Sanchez2012,
    title = {{Low complexity multipath and Doppler-shift correction algorithm for reliable underwater Coherent-FSK acoustic modems}},
    year = {2012},
    journal = {Proceedings of the Seventh ACM International Conference on Underwater Networks and Systems - WUWNet '12},
    author = {Sanchez, a. and Climent, S. and Yuste, P. and Perles-Ivars, a. and Serrano, J. J.},
    pages = {1},
    url = {http://dl.acm.org/citation.cfm?id=2398936.2398963},
    isbn = {9781450317733},
    doi = {10.1145/2398936.2398963},
    keywords = {Doppler-shift, acoustic modem, multipath correction, underwater networks, wireless sensor networks}
}

@article{Dick2004,
    title = {{FPGA Implementation of Carrier Synchronization for QAM Receivers}},
    year = {2004},
    journal = {Journal of VLSI Signal Processing Systems for Signal, Image, and Video Technology},
    author = {Dick, Chris and Harris, Fred and Rice, Michael},
    number = {1},
    pages = {57--71},
    volume = {36},
    doi = {10.1023/B:VLSI.0000008070.30837.e1},
    issn = {13875485},
    keywords = {CORDIC, Carrier recovery, FPGA, QAM, Software define radio, Synchronization, System generator, Wireless communication}
}

@phdthesis{Kim1997,
    title = {{Synchronization for all digital receivers}},
    year = {1997},
    author = {Kim, Dae-young}
}

@article{Zhao-kai2012,
    title = {{水声扩频通信中多普勒估计与补偿算法研究}},
    year = {2012},
    journal = {Journal of Electronics {\&} Information Technology},
    author = {Zhao-kai, Yuan},
    number = {1},
    volume = {34},
    keywords = {carrier synchronization, communication, doppler effect, underwater acoustic spread spectrum}
}

@inproceedings{Chen2013,
    title = {{Synchronization and Doppler scale estimation with dual PN padding TDS-OFDM for underwater acoustic communication}},
    year = {2013},
    author = {Chen, Zhenrui and Zheng, Yahong Rosa and Wang, Jintao},
    number = {1},
    pages = {4--7},
    isbn = {9780933957404},
    keywords = {Doppler scale estimation, TDS-OFDM, synchronization, underwater acoustic}
}

@article{Jian-chun2009,
    title = {{水声宽带信号的多普勒补偿}},
    year = {2009},
    journal = {Technical Acoustics},
    author = {Jian-chun, Huang and {Sheng-ming} and Zhong-yuan, G U O and Geng, Chen},
    keywords = {doppler effect compensation, frequency offset estimation, ofdm underwater acoustic communications}
}

@article{Li2008,
    title = {{Multicarrier communication over underwater acoustic channels with nonuniform Doppler shifts}},
    year = {2008},
    journal = {IEEE Journal of Oceanic Engineering},
    author = {Li, B. and Zhou, S. and Stojanovic, M. and Freitag, L. and Willett, P.},
    number = {2},
    pages = {198--209},
    volume = {33},
    isbn = {0364-9059},
    doi = {10.1109/JOE.2008.920471},
    issn = {03649059},
    keywords = {Multicarrier modulation, Orthogonal frequency-division multiplexing (OFDM), Underwater acoustic (UWA) communication, Wideband channels}
}

@book{mengali1997synchronization,
    title = {{Synchronization Techniques for Digital Receivers}},
    year = {1997},
    author = {Mengali, U. and D'Andrea, A. N.},
    series = {Applications of Communications Theory},
    publisher = {Springer},
    url = {https://books.google.ca/books?id=89Gscsw7PvoC},
    isbn = {9780306457258}
}

@article{Ma2001,
    title = {{Non-data-aided carrier offset estimators for OFDM with null subcarriers: Identifiability, algorithms, and performance}},
    year = {2001},
    journal = {IEEE Journal on Selected Areas in Communications},
    author = {Ma, Xiaoli and Tepedelenlioǧlu, Cihan and Giannakis, Georgios B. and Barbarossa, Sergio},
    number = {12},
    pages = {2504--2515},
    volume = {19},
    doi = {10.1109/49.974615},
    issn = {07338716},
    keywords = {Estimation, Modified Cram{\'{e}}r-Rao bound, Multi-carrier transmission, Orthogonal frequency-division multiplexing (OFDM), Synchronization}
}

@article{Iitis2008,
    title = {{Iterative joint decoding and sparse channel estimation for single-carrier modulation}},
    year = {2008},
    journal = {ICASSP, IEEE International Conference on Acoustics, Speech and Signal Processing - Proceedings},
    author = {Iitis, Ronald a.},
    number = {3},
    pages = {2689--2692},
    isbn = {1424414849},
    doi = {10.1109/ICASSP.2008.4518203},
    issn = {15206149},
    keywords = {Decision feedback equalizers, Decoding, Iterative methods, Parameter estimation}
}

@article{Yongxiang,
    title = {{一种联合整数倍频偏和定时偏差估计的OFDM同步算法}},
    author = {Yongxiang, Yu and Lihua, Li},
    pages = {1--8},
    keywords = {integral cfo, lte-tdd, ofdm}
}

@article{Sharif1999,
    title = {{Doppler compensation for underwater acoustic communications}},
    year = {1999},
    journal = {Oceans '99. MTS/IEEE. Riding the Crest into the 21st Century. Conference and Exhibition. Conference Proceedings (IEEE Cat. No.99CH37008)},
    author = {Sharif, B.S. and Neasham, J. and Hinton, O.R. and Adams, A.E.},
    volume = {1}
}

@article{Zhu2008,
    title = {{Iterative Phase Compensation for Underwater Acoustic Communications}},
    year = {2008},
    journal = {2008 IEEE Pacific-Asia Workshop on Computational Intelligence and Industrial Application},
    author = {Zhu, Mengyu Zhu Mengyu and Yang, Yuliang Yang Yuliang},
    volume = {2},
    isbn = {978-0-7695-3490-9},
    doi = {10.1109/PACIIA.2008.87},
    keywords = {acoustic, communication, iterative, phase, underwater}
}

@article{Mason2008,
    title = {{Detection, synchronization, and doppler scale estimation with multicarrier waveforms in underwater acoustic communication}},
    year = {2008},
    journal = {IEEE Journal on Selected Areas in Communications},
    author = {Mason, Sean F. and Berger, Christian R. and Zhou, Shengli and Willett, Peter},
    number = {9},
    pages = {1638--1649},
    volume = {26},
    isbn = {9781424421268},
    doi = {10.1109/JSAC.2008.081204},
    issn = {07338716},
    keywords = {Detection, OFDM, Synchronization and Doppler scale estimation, Underwater acoustic communication, Wideband channel}
}

@article{Qu2015,
    title = {{A Two-Stage Approach for the Estimation of Doubly Spread Acoustic Channels}},
    year = {2015},
    journal = {IEEE Journal of Oceanic Engineering},
    author = {Qu, Fengzhong and Nie, Xingyang and Xu, Wen},
    number = {1},
    pages = {131--143},
    volume = {40},
    doi = {10.1109/JOE.2014.2307194},
    issn = {03649059}
}

@misc{Venosa2012,
    title = {{Band Edge Filters Perform Non Data-Aided Carrier and Timing Synchronization of Software Defined Radio QAM Receivers}},
    year = {2012},
    author = {Venosa, Elettra and Chen, Xiaofei and Dick, Chris and Diego, San},
    number = {1},
    pages = {271--275},
    isbn = {9789860334074},
    issn = {13476890},
    keywords = {band-edge filters, non-data aided carrier, non-data aided timing synchronization, software defined radio, synchronization}
}

@article{Ying-hui2009,
    title = {{Doppler Compensation for Phase-Coded Signals}},
    year = {2009},
    author = {Ying-hui, Hu},
    pages = {0--3},
    issn = {10095896},
    keywords = {doppler compensation, doppler sensitive, phase coded, polyphase code}
}

@article{Wang2002,
    title = {{Non-data aided feedforward estimation of PSK-modulated carrier{\\\}frequency offset}},
    year = {2002},
    journal = {2002 IEEE International Conference on Communications. Conference Proceedings. ICC 2002 (Cat. No.02CH37333)},
    author = {Wang, Y. and Serpedin, E. and Ciblat, P.},
    number = {4},
    pages = {192--196},
    volume = {1},
    isbn = {0-7803-7400-2},
    doi = {10.1109/ICC.2002.996843},
    issn = {05361486}
}

@article{Mengali1997,
    title = {{Data-aided frequency estimation for burst digital transmission}},
    year = {1997},
    journal = {IEEE Transactions on Communications},
    author = {Mengali, Umberto and Morelli, M.},
    number = {1},
    pages = {23--25},
    volume = {45},
    doi = {10.1109/26.554282},
    issn = {00906778}
}

@article{Xu2003,
    title = {{Carrier recovery using FFT and Kalman filter}},
    year = {2003},
    journal = {Image and Signal Processing and Analysis, 2003. ISPA 2003. Proceedings of the 3rd International Symposium on},
    author = {Xu, Yang and XiaoWei, Cui and MingQuan, Lu and ZhenMing, Fen},
    pages = {1094--1096},
    volume = {2},
    isbn = {953-184-061-X},
    doi = {10.1109/ISPA.2003.1296467},
    keywords = {FFT, Frequency estimation, Hardware, Kalman filter, Kalman filters, Land mobile radio, MPSK, Phase detection, Phase estimation, Phase frequency detector, Phase modulation, Signal to noise ratio, fast Fourier transform, fast Fourier transforms, frequency offset estimation, mobile radio, mobile radio system, multiple phase shift keying, open-loop all-digital carrier recovery method, peak detection, peak detectors, phase shift keying, random data modulation, signal noise ratio}
}

@article{Sun,
    title = {{Joint Time-Frequency Domain and Code-Aided Carrier Synchronization Algorithm at Low SNR}},
    author = {Sun, Jinhua and Yu, Zhongyang},
    isbn = {9781479944194},
    keywords = {carrier, code-aided, low snr, pilot-aided}
}

@article{Dongming2000,
    title = {{A maximum likelihood based carrier frequency estimation algorithm}},
    year = {2000},
    journal = {WCC 2000 - ICSP 2000. 2000 5th International Conference on Signal Processing Proceedings. 16th World Computer Congress 2000},
    author = {Dongming, Bian Dongming Bian and Gengxin, Zhang Gengxin Zhang and Xinying, Yi Xinying Yi},
    pages = {10--13},
    volume = {1},
    isbn = {0-7803-5747-7},
    doi = {10.1109/ICOSP.2000.894471}
}

@article{Gal2012,
    title = {{a Simlified Adaptive Kalman Filter Algorithm for Carrier Recovery of M Qam Signals.Pdf}},
    year = {2012},
    author = {Gal, János and C{\^{a}}mpeanu, Andrei},
    pages = {303--307},
    isbn = {9781467321242},
    keywords = {carrier recovery, Kalman Filtering algorithm, M-QA}
}

@article{Chuang1991,
    title = {{Burst Coherent Demodulation with Combined Symbol Timing, Frequency Offset Estimation, and Diversity Selection}},
    year = {1991},
    journal = {IEEE Transactions on Communications},
    author = {Chuang, J. and Sollenberger, N.},
    number = {7},
    pages = {1157--1164},
    volume = {39},
    doi = {10.1109/26.87221},
    issn = {00906778}
}

@article{Qing2002,
    title = {{Algorithm for Carrier Recovery of All Digital Receiver}},
    year = {2002},
    author = {Qing, Yuan and Hui, Chen and Ding, Xu and Gan, Yuan}
}

@article{Li2010,
    title = {{正弦信号的直接FFT参数估计与相位差分法对比研究}},
    year = {2010},
    journal = {Journal of Electronics Information {\&} Technology},
    author = {Li, Hui and Wang, Yan-fei},
    number = {3},
    pages = {544--547},
    volume = {32},
    doi = {10.3724/SP.J.1146.2008.01006},
    issn = {1009-5896},
    keywords = {direct fft parameter estimation, half-divided repetition search, phase difference arithmetic}
}

@article{2008,
    title = {{一种选代频偏估计算法}},
    year = {2008},
    author = {{罗武}},
    pages = {554--558},
    volume = {4}
}

@article{Fu2008,
    title = {{A simplified equalization method for dual PN-sequence padding TDS-OFDM systems}},
    year = {2008},
    journal = {IEEE Transactions on Broadcasting},
    author = {Fu, Jian and Wang, Jun and Song, Jian and Pan, Chang Yong and Yang, Zhi Xing},
    number = {4},
    pages = {825--830},
    volume = {54},
    doi = {10.1109/TBC.2008.2001725},
    issn = {00189316},
    keywords = {Channel estimation, DPNP TDS-OFDM, Equalization, Time-varying fading channels}
}

@article{Kay1989,
    title = {{A fast and accurate single frequency estimator}},
    shorttitle = {Acoustics, Speech and Signal Processing, IEEE Tran},
    year = {1989},
    journal = {IEEE Transactions on Acoustics, Speech, and Signal Processing},
    author = {Kay, S.},
    number = {12},
    pages = {1987--1990},
    volume = {37},
    url = {http://ieeexplore.ieee.org/lpdocs/epic03/wrapper.htm?arnumber=45547},
    doi = {10.1109/29.45547},
    issn = {00963518},
    keywords = {Cramer-Rao bound, Frequency estimation, Gaussian noise, Gaussian processes, High performance computing, Least squares approximation, Maximum likelihood estimation, Phase estimation, Random variables, Signal processing, Signal to noise ratio, complex white Gaussian noise, filtering and prediction theory, linear prediction estimator, maximum-likelihood estimator, prediction theory, random noise, single frequency estimator}
}

@inproceedings{Fitz1991,
    title = {{Planar filtered techniques for burst mode carrier synchronization}},
    shorttitle = {Global Telecommunications Conference, 1991. GLOBEC},
    year = {1991},
    booktitle = {IEEE Global Telecommunications Conference GLOBECOM '91: Countdown to the New Millennium. Conference Record},
    author = {Fitz, M.P.},
    pages = {365--369},
    publisher = {IEEE},
    url = {http://ieeexplore.ieee.org/lpdocs/epic03/wrapper.htm?arnumber=188412},
    isbn = {0-87942-697-7},
    doi = {10.1109/GLOCOM.1991.188412},
    keywords = {CRLB, Cramer-Rao lower bound, Equations, Frequency estimation, Frequency synchronization, ML estimator, Matched filters, Maximum likelihood estimation, Parameter estimation, Phase estimation, Pulse modulation, Pulse shaping methods, Shape, burst mode carrier synchronization, digital synchronizer, filtering and prediction theory, frequency estimation, information theory, maximum likelihood estimator, parameter estimation, phase error, phase estimation, planar filtered carrier synchronizer, synchronisation}
}

@article{Gardner1993a,
    title = {{Interpolation in digital modems. I. Fundamentals}},
    shorttitle = {Communications, IEEE Transactions on},
    year = {1993},
    journal = {IEEE Transactions on Communications},
    author = {Gardner, Floyd},
    number = {3},
    month = {3},
    pages = {501--507},
    volume = {41},
    url = {http://ieeexplore.ieee.org/lpdocs/epic03/wrapper.htm?arnumber=221081},
    doi = {10.1109/26.221081},
    issn = {00906778},
    keywords = {Clocks, Digital signal processing, Equations, Frequency synchronization, Interpolation, Modems, Sampling methods, Signal processing, Signal sampling, Timing, control method, digital modems, interpolation, modems, signal-processing characteristics, synchronisation, timing adjustment, tutorial}
}

@article{Erup1993,
    title = {{Interpolation in digital modems. II. Implementation and performance}},
    shorttitle = {Communications, IEEE Transactions on},
    year = {1993},
    journal = {IEEE Transactions on Communications},
    author = {Erup, L. and Gardner, F.M. and Harris, R.A.},
    number = {6},
    month = {6},
    pages = {998--1008},
    volume = {41},
    url = {http://ieeexplore.ieee.org/lpdocs/epic03/wrapper.htm?arnumber=231921},
    doi = {10.1109/26.231921},
    issn = {00906778},
    keywords = {Digital filters, Equations, Finite impulse response filter, Hardware, Interpolation, Modems, NCO-based control method, Phase locked loops, Polynomials, Signal processing, Subspace constraints, digital modems, four-point interpolating filter, interpolation, interpolators, linear interpolation, modems, piecewise-parabolic impulse response, polynomials, simulation}
}

@article{Xinming2013,
    title = {{Sigma-Point 卡尔曼滤波用于 OFDM 载波频偏估计}},
    year = {2013},
    author = {Xinming, Zhang and Feng, Ye and Bo, Yang and Aidong, Men},
    doi = {10.11784/tdxb20130513},
    keywords = {carrier frequency offset, dynamic state-space model, orthogonal frequency-division multiplexing, sigma-point kalman filter, 基于近似一个高斯分布比近似一个任意的非线}
}

@article{Eldering1994,
    title = {{Digital burst mode clock recovery technique for fiber-optic systems}},
    shorttitle = {Lightwave Technology, Journal of},
    year = {1994},
    journal = {Journal of Lightwave Technology},
    author = {Eldering, C.A. and Herrerias-Martin, F. and Martin-Gomez, R. and Garcia-Arribas, P.J.},
    number = {2},
    pages = {271--279},
    volume = {12},
    url = {http://ieeexplore.ieee.org/lpdocs/epic03/wrapper.htm?arnumber=350594},
    doi = {10.1109/50.350594},
    issn = {07338724},
    keywords = {0 1 0 bit sequence, 0.7 micron, 38 to 90 MHz, 51.84 Mbit/s, Application specific integrated circuits, Bit error rate, CMOS Application Specific Integrated Circuit, CMOS integrated circuits, Clocks, Delay effects, Frequency measurement, Frequency synchronization, Integrated circuit measurements, Performance evaluation, Phase measurement, Timing, application specific integrated circuits, bit error rate measurements, burst mode fiber-optic receiver, burst synchronization, clock extraction, clock phase recovery, clocks, correlation algorithm, digital burst mode clock recovery technique, error statistics, fiber-optic systems, incoming preamble, integrated optoelectronics, multiple clock phases, optical receivers, penalty, phase tracking characteristics, stored time delayed versions, synchronisation, time division multiple access, timing alarm generation}
}

@article{Tunnicliffe2008,
    title = {{Major advances in cabled ocean observatories (VENUS and NEPTUNE canada) in coastal and deep sea settings}},
    year = {2008},
    journal = {US/EU-Baltic International Symposium: Ocean Observations, Ecosystem-Based Management and Forecasting - Provisional Symposium Proceedings, BALTIC},
    author = {Tunnicliffe, Verena and Barnes, Chris R. and Dewey, Richard},
    isbn = {9781424422685},
    doi = {10.1109/BALTIC.2008.4625496},
    keywords = {coastal, data management, deep ocean, instrument arrays, interactive, multiple nodes, web-based}
}

@article{Di2010,
    title = {{一种适用于突发信号的载波同步算法}},
    year = {2010},
    author = {Di, W U and Lin-dong, G E and Bin, Wang},
    number = {4},
    pages = {8--11}
}

@article{Jian-ping2012,
    title = {{基于最大似然估计和 Kalman 滤波的BPSK 载波同步方法}},
    year = {2012},
    author = {Jian-ping, A N and Bin, X U E},
    number = {1},
    pages = {1--5},
    keywords = {carrier synchronization, dichotomous search, frequency, kalman filter, large rate-of-change of doppler, low snr, maximum likelihood estimation}
}

@article{2006a,
    title = {{稀疏水声信道判决反馈盲均衡算法研究}},
    year = {2006},
    author = {{张艳萍}},
    pages = {4--7},
    volume = {28},
    keywords = {blind equalization, decision feedback, sparse channel, underwater acoustic communication, 几个抽头上, 几乎全部采用基于 lms 算法的稀疏迭代方法, 现有稀疏水声信道, 的均衡方法中, 而大多数抽头的能量很小}
}

@misc{Unknowna,
    title = {{一种有效的水声信道盲均衡算法}},
    author = {{宁小玲}}
}

@article{Qureshi1985,
    title = {{Adaptive equalization}},
    year = {1985},
    journal = {IEEE Communications Magazine},
    author = {Qureshi, S U H},
    number = {9},
    pages = {1349--1387},
    volume = {73},
    doi = {10.1109/PROC.1985.13298},
    issn = {0018-9219}
}

@article{Tennent1997,
    title = {{Passband complex fractionally-spaced equalization of MSK signals{\\\}over the mud pulse telemetry channel}},
    year = {1997},
    journal = {First IEEE Signal Processing Workshop on Signal Processing Advances in Wireless Communications},
    author = {Tennent, R.W. and Fitzgerald, W.J.},
    pages = {5--8},
    isbn = {0-7803-3944-4},
    doi = {10.1109/SPAWC.1997.630045}
}

@article{Ling1990,
    title = {{Convergence and steady-state behavior of a phase-splitting{\\\}fractionally spaced equalizer}},
    year = {1990},
    journal = {IEEE Transactions on Communications},
    author = {Ling, F. and Qureshi, S.U.H.},
    number = {4},
    pages = {418--425},
    volume = {38},
    doi = {10.1109/26.52651},
    issn = {0090-6778}
}

@article{Falconer1976,
    title = {{Jointly Adaptive Equalization and Carrier Recovery in Two-Dimensional Digital Communication Systems}},
    year = {1976},
    journal = {Bell System Technical Journal},
    author = {Falconer, D. D.},
    number = {3},
    month = {3},
    pages = {317--334},
    volume = {55},
    url = {http://ieeexplore.ieee.org/xpl/articleDetails.jsp?arnumber=6769709&sortType%3Dasc_p_Sequence%26filter%3DAND(p_IS_Number%3A6769705) http://ieeexplore.ieee.org/lpdocs/epic03/wrapper.htm?arnumber=6769709},
    doi = {10.1002/j.1538-7305.1976.tb03317.x},
    issn = {00058580}
}

@inproceedings{Hegde1997,
    title = {{A low-power architecture for phase-splitting passband equalizer}},
    year = {1997},
    booktitle = {1997 IEEE Workshop on Signal Processing Systems. SiPS 97 Design and Implementation formerly VLSI Signal Processing},
    author = {Hegde, R. and Shanbhag, N.R.},
    pages = {385--394},
    publisher = {IEEE},
    url = {http://ieeexplore.ieee.org/lpdocs/epic03/wrapper.htm?arnumber=626276},
    isbn = {0-7803-3806-5},
    doi = {10.1109/SIPS.1997.626276}
}

@article{Godard1978,
    title = {{Passband Timing Recovery in an All-Digital Modem Receiver}},
    year = {1978},
    journal = {IEEE Transactions on Communications},
    author = {Godard, Dominique.},
    number = {5},
    pages = {517--523},
    volume = {26},
    url = {http://ieeexplore.ieee.org/lpdocs/epic03/wrapper.htm?arnumber=1094107},
    isbn = {0090-6778},
    doi = {10.1109/TCOM.1978.1094107},
    issn = {0096-2244},
    keywords = {APK modulation/demodulation, Adaptive equalizers, Amplitude modulation, Digital modulation, Modems, Passband, Performance gain, Sampling methods, Signal analysis, Timing, Transversal filters}
}

@article{2006,
    title = {{一种快速收敛的水声信道载波恢复盲均衡算法}},
    year = {2006},
    journal = {Biosystems},
    author = {{张艳萍}},
    doi = {10.15949/j.cnki.0371-0025.2006.01.012}
}

@article{Lou2008,
    title = {{A new lock detector for Gardner's timing recovery method}},
    year = {2008},
    journal = {IEEE Transactions on Consumer Electronics},
    author = {Lou, Huang and Lin, Pingfen},
    number = {2},
    pages = {349--352},
    volume = {54},
    doi = {10.1109/TCE.2008.4560098},
    issn = {00983063},
    keywords = {AWGN channels, Binary phase shift keying, Detectors, Multipath channels, Phase shift keying, Receivers, Timing}
}

@article{Qijia2006,
    title = {{Blind maximum-likelihood timing recovery in the presence of carrier frequency offset}},
    year = {2006},
    journal = {IEEE Vehicular Technology Conference},
    author = {Qijia, Liu and Zhixing, Yang and Jian, Song and Changyong, Pan},
    number = {2},
    pages = {1369--1373},
    isbn = {1424400635},
    doi = {10.1109/VTCF.2006.286},
    issn = {15502252}
}

@article{Lou2007,
    title = {{Timing recovery methods for VSB receivers}},
    year = {2007},
    journal = {IEEE Transactions on Consumer Electronics},
    author = {Lou, Huang},
    number = {2},
    pages = {310--312},
    volume = {53},
    doi = {10.1109/TCE.2007.381693},
    issn = {00983063},
    keywords = {Nyquist sidebands, Timing error detector, Timing recovery, VSB}
}

@misc{Unknown,
    title = {{抗载波频率偏差的TED算法的设计与研究}},
    author = {{杨帆}}
}

@article{Lim2004,
    title = {{A modified Gardner detector for symbol timing recovery of M-PSK signals}},
    year = {2004},
    journal = {IEEE Transactions on Communications},
    author = {Lim, Dongmin},
    number = {10},
    pages = {1643--1647},
    volume = {52},
    isbn = {0520010000},
    doi = {10.1109/TCOMM.2004.836450},
    issn = {00906778},
    keywords = {Self-noise reduction, Symbol timing recovery, Synchronization, Timing-error detector}
}

@article{Gappmair2006,
    title = {{Extended Gardner detector for improved symbol-timing recovery of M-PSK signals}},
    year = {2006},
    journal = {IEEE Transactions on Communications},
    author = {Gappmair, Wilfried and Cioni, Stefano and Corazza, Giovanni E. and Koudelka, Otto},
    number = {11},
    pages = {1923--1927},
    volume = {54},
    doi = {10.1109/TCOMM.2006.884821},
    issn = {00906778},
    keywords = {Digital receivers, Gardner (GA) detector, Symbol-timing recovery}
}

@article{Pelet2009,
    title = {{Synchronization in all-digital QAM receivers}},
    year = {2009},
    journal = {Doctor of Philosophy},
    author = {Pelet, Er},
    url = {http://library.usask.ca/theses/available/etd-04272009-155247/}
}

@article{Universit2011,
    title = {{浅海水声信道自适应均衡算法}},
    year = {2011},
    author = {Universit, Xiamen and Science, Natural and Pro, Generalized},
    pages = {1--5}
}

@article{Xiao-ling2013,
    title = {{适用于 QAM 信号的方形判决 超指数迭代盲均衡算法}},
    year = {2013},
    author = {Xiao-ling, Ning and Qi-yuan, L I and Li, Duan},
    number = {1},
    volume = {32},
    keywords = {blind equalization, contour decision, decision feedback, digital phase-locked loop, square, super-exponential, underwater acoustic communication}
}

@article{2014,
    title = {{水声信道均衡算法比较研究}},
    year = {2014},
    author = {{裴晓黎} and {宁小玲}},
    pages = {1--5},
    keywords = {adaptive equalization, blind equalization, decision feedback, digital phase-locked, underwater acoustic channel}
}

@inproceedings{Johnson,
    title = {{Improved Doppler tracking and correction for underwater acoustic communications}},
    booktitle = {1997 IEEE International Conference on Acoustics, Speech, and Signal Processing},
    author = {Johnson, M. and Freitag, L. and Stojanovic, M.},
    pages = {575--578},
    volume = {1},
    publisher = {IEEE Comput. Soc. Press},
    url = {http://ieeexplore.ieee.org/articleDetails.jsp?arnumber=599703},
    isbn = {0-8186-7919-0},
    doi = {10.1109/ICASSP.1997.599703},
    issn = {1520-6149},
    keywords = {DFE, Doppler correction, Doppler effect, Doppler shift, Doppler tracking, Frequency estimation, Marine vehicles, PLL, Phase estimation, Phase locked loops, Technological innovation, Transmitters, Underwater acoustics, Underwater tracking, Underwater vehicles, acoustic receivers, acoustic signal processing, adaptive equalisers, adaptive equalizer, adaptive receiver algorithm, algorithm performance, coherent acoustic communication systems, coherent equalizer, computational load reduction, decision feedback equalisers, frequency estimation, frequency-shift estimator, phase locked loops, phase-locked loop, relative motion, sea testing, ships, time-scale interpolator, transmitter, underwater acoustic communications, underwater sound, underwater vehicles},
    language = {English}
}

@book{Gardner2005,
    title = {{Phaselock Techniques: Third Edition}},
    year = {2005},
    booktitle = {Phaselock Techniques: Third Edition},
    author = {Gardner, Floyd M.},
    pages = {1--425},
    isbn = {0471430633},
    doi = {10.1002/0471732699},
    issn = {0018-9472}
}

@inproceedings{Liu2010,
    title = {{Active Sonar Waveform Design for Reverberation Suppression}},
    year = {2010},
    booktitle = {ISAET 2010},
    author = {Liu, Xiao and Guo, Longxiang},
    address = {Harbin}
}

@inproceedings{Liu2015,
    title = {{Acoustic Doppler Compensation using Feedforward Retiming for Underwater Coherent Transmission}},
    year = {2015},
    booktitle = {OCEANS'15 MTS/IEEE Washington},
    author = {Liu, Xiao and Jean-Francois, Bousquet},
    url = {http://ieeexplore.ieee.org/document/7404542/}
}

@article{Karam1995,
    title = {{Reduced-complexity frequency detector derived from the maximum-likelihood principle}},
    year = {1995},
    journal = {IEEE Transactions on Communications},
    author = {Karam, Georges and Jeanclaude, Isabelle and Sari, Hikmet},
    number = {10},
    pages = {2641--2650},
    volume = {43},
    doi = {10.1109/26.469435},
    issn = {00906778}
}

@article{Sari1988,
    title = {{New phase and frequency detectors for carrier recovery in PSK and{\textbackslash}nQAM systems}},
    year = {1988},
    journal = {IEEE Transactions on Communications},
    author = {Sari, H. and Moridi, S.},
    number = {9},
    volume = {36},
    doi = {10.1109/26.7515},
    issn = {0090-6778}
}

@article{Messerschmitt1979,
    title = {{Frequency Detectors for PLL Acquisition in Timing and Carrier Recovery}},
    year = {1979},
    journal = {IEEE Transactions on Communications},
    author = {Messerschmitt, D.},
    number = {9},
    pages = {1288--1295},
    volume = {27},
    isbn = {0090-6778 VO - 27},
    doi = {10.1109/TCOM.1979.1094553},
    issn = {0090-6778}
}

@article{Pajovic2015,
    title = {{Optimal Multi-Channel Equalizer Design for Underwater Acoustic Communications}},
    year = {2015},
    author = {Pajovic, Milutin and Preisig, James C},
    number = {4},
    pages = {759--774},
    volume = {40},
    isbn = {9781479975785}
}

@article{Ar,
    title = {{基于边带最大化准则的频偏与定时联合盲估计方法}},
    author = {{邵世才}}
}

@article{Farhang-Boroujeny1990,
    title = {{Near optimum timing recovery for digitally implemented data receivers}},
    year = {1990},
    journal = {Communications, IEEE Transactions on},
    author = {Farhang-Boroujeny, B},
    number = {9},
    pages = {1333--1336},
    volume = {38},
    url = {http://ieeexplore.ieee.org/xpls/abs_all.jsp?arnumber=61373},
    doi = {10.1109/26.61373},
    issn = {0090-6778}
}

@article{Lyon1975,
    title = {{Timing Recovery in Synchronous Equalized Data Communication}},
    year = {1975},
    journal = {IEEE Transactions on Communications},
    author = {Lyon, D.},
    number = {2},
    pages = {269--274},
    volume = {23},
    url = {http://ieeexplore.ieee.org/lpdocs/epic03/wrapper.htm?arnumber=1092781},
    doi = {10.1109/TCOM.1975.1092781},
    issn = {0096-2244}
}

@article{Stojanovic1994,
    title = {{Phase-coherent digital communications for underwater acoustic channels}},
    year = {1994},
    journal = {IEEE Journal of Oceanic Engineering},
    author = {Stojanovic, Milica and Catipovic, Josko a. and Proakis, John G.},
    number = {1},
    pages = {100--111},
    volume = {19},
    isbn = {0364-9059},
    doi = {10.1109/48.289455},
    issn = {03649059}
}

@article{Classen1993,
    title = {{An all feedforward synchronization unit for digital radio}},
    year = {1993},
    journal = {IEEE 43rd Vehicular Technology Conference},
    author = {Classen, F and Meyr, H and Sehier, P},
    pages = {738--741},
    url = {http://ieeexplore.ieee.org/lpdocs/epic03/wrapper.htm?arnumber=508797},
    isbn = {0-7803-1266-X},
    doi = {10.1109/VETEC.1993.508797},
    issn = {07400551}
}

@article{Nasir2010,
    title = {{Modified constant modulus algorithm for joint blind equalization and synchronization}},
    year = {2010},
    journal = {2010 Australian Communications Theory Workshop, AusCTW 2010},
    author = {Nasir, Ali a. and Durrani, Salman and Kennedy, Rodney a.},
    pages = {59--64},
    isbn = {9781424454334},
    doi = {10.1109/AUSCTW.2010.5426762}
}

@article{Kilfoyle2000,
    title = {{The state of the art in underwater acoustic telemetry}},
    year = {2000},
    journal = {Oceanic Engineering, IEEE Journal of},
    author = {Kilfoyle, D B and Baggeroer, a B},
    number = {1},
    pages = {4--27},
    volume = {25},
    url = {http://ieeexplore.ieee.org/lpdocs/epic03/wrapper.htm?arnumber=820733},
    isbn = {0364-9059},
    doi = {10.1109/48.820733},
    issn = {0364-9059},
    keywords = {Underwater Acoustic Channels}
}

@article{Wei2010,
    title = {{A variable step size blind equalization algorithm for QAM signals}},
    year = {2010},
    journal = {2010 International Conference on Microwave and Millimeter Wave Technology, ICMMT 2010},
    author = {Wei, Xue and Xiaoniu, Yang and Zhaoyang, Zhang},
    number = {1},
    pages = {1801--1804},
    isbn = {9781424457052},
    doi = {10.1109/ICMMT.2010.5524854},
    keywords = {Blind equalization, QAM signals, Variable step size}
}

@article{Chung2012,
    title = {{Adaptive blind timing recovery methods for MSE optimization}},
    year = {2012},
    journal = {EURASIP Journal on Advances in Signal Processing},
    author = {Chung, Wonzoo},
    number = {1},
    pages = {9},
    volume = {2012},
    url = {http://asp.eurasipjournals.com/content/2012/1/9},
    doi = {10.1186/1687-6180-2012-9},
    issn = {1687-6180}
}

@article{WonzooChung2005,
    title = {{Timing phase offset recovery based on dispersion minimization}},
    year = {2005},
    journal = {IEEE Transactions on Signal Processing},
    author = {Chung, Wonzoo and Sethares, W.A. and Johnson, R.},
    number = {3},
    month = {3},
    pages = {1097--1109},
    volume = {53},
    url = {http://ieeexplore.ieee.org/lpdocs/epic03/wrapper.htm?arnumber=1396439},
    doi = {10.1109/TSP.2004.842211},
    issn = {1053-587X}
}

@article{Oerder1988,
    title = {{Digital filter and square timing recovery}},
    year = {1988},
    journal = {IEEE Transactions on Communications},
    author = {Oerder, M. and Meyr, H.},
    number = {5},
    month = {5},
    pages = {605--612},
    volume = {36},
    url = {http://ieeexplore.ieee.org/document/1476/},
    isbn = {0090-6778},
    doi = {10.1109/26.1476},
    issn = {00906778}
}

@book{meyr1997digital,
    title = {{Digital Communication Receivers: Synchronization, Channel Estimation, and Signal Processing}},
    year = {2001},
    author = {Meyr, H. and Moeneclaey, M. and Fechtel, S. A.},
    month = {10},
    publisher = {John Wiley {\&} Sons, Inc.},
    address = {New York, USA},
    isbn = {9780471200574},
    doi = {10.1002/0471200573}
}

@article{Alberty1989,
    title = {{A New Pattern Jitter Free Frequency Error Detector}},
    year = {1989},
    journal = {IEEE Transactions on Communications},
    author = {Alberty, Thomas and Hespelt, Volker},
    number = {2},
    pages = {159--163},
    volume = {37},
    doi = {10.1109/26.20084},
    issn = {00906778}
}

@article{Viterbi1983,
    title = {{Nonlinear Estimation of PSK-Modulated Carrier Phase with Application to Burst Digital Transmission}},
    year = {1983},
    journal = {IEEE Transactions on Information Theory},
    author = {Viterbi, Audrey M.},
    number = {4},
    pages = {543--551},
    volume = {29},
    isbn = {0018-9448},
    doi = {10.1109/TIT.1983.1056713},
    issn = {15579654}
}

@article{Johnson1998,
    title = {{Blind equalization using the constant modulus criterion: a review}},
    year = {1998},
    journal = {Proceedings of the IEEE},
    author = {Johnson, R and Schniter, P and Endres, T J and Behm, J D and Brown, D R and Casas, R a},
    number = {10},
    pages = {1927--1950},
    volume = {86},
    url = {http://ieeexplore.ieee.org/lpdocs/epic03/wrapper.htm?arnumber=720246},
    isbn = {0018-9219},
    doi = {10.1109/5.720246},
    issn = {00189219},
    keywords = {adaptive equalizers, blind, blind deconvolution, cma, communication, constant modulus algorithm, digital, equalization, equalizers, intersymbol interference, least mean}
}

@article{Gardner1986,
    title = {{A BPSK/QPSK Timing-Error Detector for Sampled Receivers}},
    year = {1986},
    journal = {IEEE Transactions on Communications},
    author = {Gardner, F. M.},
    number = {5},
    month = {5},
    pages = {423--429},
    volume = {34},
    publisher = {IEEE},
    url = {http://ieeexplore.ieee.org/articleDetails.jsp?arnumber=1096561 http://ieeexplore.ieee.org/document/1096561/},
    isbn = {0096-2244},
    doi = {10.1109/TCOM.1986.1096561},
    issn = {00906778},
    keywords = {Baseband, Binary phase shift keying, Clocks, Data communications, Detectors, Modems, Phase-shift keying, Quadrature phase shift keying, Shape, Signal processing algorithms, Timing, Wavelength division multiplexing},
    language = {English}
}

@article{Luise1995,
    title = {{Carrier frequency recovery in all-digital modems for burst-mode transmissions}},
    shorttitle = {Communications, IEEE Transactions on},
    year = {1995},
    journal = {IEEE Transactions on Communications},
    author = {Luise, Marco and Reggiannini, Ruggero},
    number = {2 -4 pt 2},
    month = {2},
    pages = {1169--1178},
    volume = {43},
    url = {http://ieeexplore.ieee.org/lpdocs/epic03/wrapper.htm?arnumber=380149},
    isbn = {0090-6778},
    doi = {10.1109/26.380149},
    issn = {00906778},
    pmid = {380149},
    keywords = {Availability, Frequency conversion, Frequency estimation, Frequency synchronization, GSM, Modems, Phase detection, Phase estimation, Phase frequency detector, TDMA, Time division multiple access, Timing, all-digital modems, burst format, burst-mode transmissions, carrier frequency recovery, cellular radio, data detection, digital radio, error detection, error statistics, fast open-loop all-digital frequency offset estima, frequency error detector, frequency error discriminator, frequency estimation, maximum likelihood detection, maximum likelihood estimation, mobile cellular terrestrial radio system, modems, performance, receiver bit error rate, recursive closed-loop frequency offset estimator, recursive estimation, satellite communication, satellite link, standard modulation, steady-state behavior, synchronisation, synchronization parameters, time division multiple access, transient behavior}
}

@article{Wang2004,
    title = {{Non-data-aided feedforward carrier frequency offset estimators for QAM constellations: A nonlinear least-squares approach}},
    year = {2004},
    journal = {Eurasip Journal on Applied Signal Processing},
    author = {Wang, Y. and Shi, K. and Serpedin, E.},
    number = {13},
    pages = {1993--2001},
    volume = {2004},
    doi = {10.1155/S1110865704403175},
    issn = {11108657},
    keywords = {Carrier frequency offset, Cyclostationary, Harmonic retrieval, Non-data-aided estimation, Synchronization}
}

@article{Park2009,
    title = {{Non-data aided timing phase recovery scheme for digital equalization of chromatic dispersion and polarization mode dispersion}},
    year = {2009},
    journal = {Journal of the Optical Society of Korea},
    author = {Park, Jangwoo and Chung, Wonzoo and Park, Jongsun and Kim, Sungchul},
    number = {3},
    pages = {367--372},
    volume = {13},
    doi = {10.3807/JOSK.2009.13.3.367},
    issn = {12264776},
    keywords = {Chromatic dispersion, Inter symbol interference equalization, Polarization mode dispersion, Timing phase}
}

@article{Phase1995,
    title = {{Modified constant modulus algorithm: blind equalization and carrier phase recovery algorithm}},
    year = {1995},
    journal = {Proceedings IEEE International Conference on Communications ICC '95},
    author = {Phase, Carrier and Algorithm, Recovery},
    pages = {498--502},
    volume = {1},
    url = {http://ieeexplore.ieee.org/lpdocs/epic03/wrapper.htm?arnumber=525219},
    isbn = {0-7803-2486-2},
    doi = {10.1109/ICC.1995.525219}
}

@article{Rahnema,
    title = {{Symbol Timing Recovery Algorithms and Their Evaluation for Burst Communication}},
    year = {1998},
    journal = {International Journal of Wireless Information Networks},
    author = {Rahnema, Moe},
    number = {4},
    pages = {341--350},
    volume = {5},
    publisher = {Kluwer Academic Publishers-Plenum Publishers},
    url = {http://link.springer.com/article/10.1023/A%3A1018810828737},
    doi = {10.1023/A:1018810828737},
    issn = {1572-8129},
    language = {en}
}

@article{Savazzi2007,
    title = {{Joint symbol timing recovery and equalization for short burst transmissions}},
    year = {2007},
    journal = {IEEE Vehicular Technology Conference},
    author = {Savazzi, Pietro and Gamba, Paolo and Favalli, Lorenzo},
    pages = {1396--1400},
    isbn = {1424402646},
    doi = {10.1109/VETECF.2007.298},
    issn = {15502252},
    keywords = {Joint Symbol Timing Recovery and Equalization for}
}

@article{Pedzisz2006,
    title = {{Minimum entropy approach for carrier frequency recovery}},
    year = {2006},
    journal = {IEEE Transactions on Wireless Communications},
    author = {Pedzisz, M. and Coatanhay, A.},
    number = {4},
    month = {4},
    pages = {774--778},
    volume = {5},
    url = {http://ieeexplore.ieee.org/lpdocs/epic03/wrapper.htm?arnumber=1618926 http://ieeexplore.ieee.org/document/1618926/},
    doi = {10.1109/TWC.2006.1618926},
    issn = {1536-1276}
}

@article{Chuang1987,
    title = {{The effects of multipath delay spread on timing recovery}},
    year = {1987},
    journal = {IEEE Transactions on Vehicular Technology},
    author = {Chuang, Justin C I},
    number = {3},
    pages = {135--140},
    volume = {36},
    doi = {10.1109/T-VT.1987.24111},
    issn = {19399359}
}

@article{McLernon1994,
    title = {{Method for timing recovery in presence of multipath delay and cochannel interference}},
    year = {1994},
    journal = {Electronics Letters},
    author = {McLernon, D.C. and Lopes, L.B. and Brand{\~{a}}o, A.L.},
    number = {13},
    month = {6},
    pages = {1028--1029},
    volume = {30},
    url = {http://digital-library.theiet.org/content/journals/10.1049/el_19940728 http://ieeexplore.ieee.org/xpl/abstractCitations.jsp?arnumber=294775},
    doi = {10.1049/el:19940728},
    issn = {0013-5194}
}

@article{Vostretsov2008,
    title = {{Timing recovery problem in mobile systems with harmonic and multipath interference}},
    year = {2008},
    journal = {Proceedings of IFOST-2008 - 3rd International Forum on Strategic Technologies},
    author = {Vostretsov, Aleksey G. and Pavlov, Aleksandr S.},
    pages = {371--374},
    isbn = {9781424423194},
    doi = {10.1109/IFOST.2008.4603014}
}

@inproceedings{Tuukkanen1997,
    title = {{Efficient near optimal maximum likelihood symbol timing recovery in digital modems}},
    year = {1997},
    booktitle = {Proceedings of 8th International Symposium on Personal, Indoor and Mobile Radio Communications - PIMRC '97},
    author = {Tuukkanen, V. and Vesma, J. and Renfors, M.},
    pages = {825--829},
    volume = {3},
    publisher = {IEEE},
    url = {http://ieeexplore.ieee.org/lpdocs/epic03/wrapper.htm?arnumber=627001},
    isbn = {0-7803-3871-5},
    doi = {10.1109/PIMRC.1997.627001}
}

@article{Wu2006,
    title = {{A Low-Complexity Symbol Timing Recovery Algorithm for Burst Modem Applications}},
    year = {2006},
    journal = {2006 IEEE Information Theory Workshop},
    author = {Wu, Luo and Liu, Bin},
    pages = {655--657},
    url = {http://ieeexplore.ieee.org/lpdocs/epic03/wrapper.htm?arnumber=4117555},
    isbn = {1-4244-0035-X},
    doi = {10.1109/ITW.2006.322900}
}

@article{DAmico2007,
    title = {{Synchronization for differential transmitted reference UWB receivers}},
    year = {2007},
    journal = {IEEE Transactions on Wireless Communications},
    author = {D'Amico, Antonio A. and Mengali, Umberto and Taponecco, Lorenzo},
    number = {11},
    pages = {4154--4163},
    volume = {6},
    doi = {10.1109/TWC.2007.060270},
    issn = {15361276},
    keywords = {DTR receivers, Synchronization algorithms, UWB systems}
}

@article{Shen2015,
    title = {{Spectrum Combining Technique Base on the Extensible Average Phase Algorithm for the Frequency Selective Channels}},
    year = {2015},
    author = {Shen, Caiyao and Wang, Zhaohui},
    number = {Iccsnt},
    pages = {1123--1127},
    isbn = {9781467381734},
    keywords = {extensible average phase, frequency selective channel, spatial diversity, spectrum combining, timing synchronization}
}

@article{2006b,
    title = {{基于Pattern时延差编码体制的4信道水声通信}},
    year = {2006},
    journal = {APPLIED ACOUSTICS},
    author = {{殷敬伟}},
    doi = {10.3969/j.issn.1000-310X.2006.03.010}
}

@article{Baumgartner2014,
    title = {{Performance evaluation of frequency and symbol timing offset estimation methods for DAB/DAB+ receivers under multipath fading channels}},
    year = {2014},
    journal = {2014 22nd International Conference on Software, Telecommunications and Computer Networks (SoftCOM)},
    author = {Baumgartner, Sebastian and Shehadeh, Youssef El Hajj and Hirtz, Gangolf},
    pages = {321--325},
    url = {http://ieeexplore.ieee.org/lpdocs/epic03/wrapper.htm?arnumber=7039113},
    isbn = {978-9-5329-0052-1},
    doi = {10.1109/SOFTCOM.2014.7039113},
    keywords = {5, carrier frequency offset, channel and guard interval, dab, demand virtual subcarriers, estimation procedures like in, lengths, ofdm, other ml, parameters, sdr, software defined radio, symbol timing offset, synchronization, the sum of the, to estimate the unknown, within one ofdm symbol}
}

@article{Jakubisin2015,
    title = {{Performance, complexity, and receiver design for code-aided frame synchronization in multipath channels}},
    year = {2015},
    journal = {IEEE Transactions on Communications},
    author = {Jakubisin, Daniel J. and Buehrer, R. Michael},
    number = {9},
    pages = {3363--3376},
    volume = {63},
    doi = {10.1109/TCOMM.2015.2460246},
    issn = {00906778},
    keywords = {TermsFrame synchronization, code-aided, expectationmaximization algorithm., iterative receivers, multipath channels, sum product algorithm}
}

@article{Wang2009,
    title = {{Optimal symbol timing for OFDM wireless communications}},
    year = {2009},
    journal = {Wireless Communications, IEEE Transactions on},
    author = {Wang, M M and Xiao, Lei and Brown, T and Dong, Min},
    number = {10},
    pages = {5328--5337},
    volume = {8},
    doi = {10.1109/TWC.2009.090263},
    issn = {1536-1276},
    keywords = {3G mobile communication, 4G mobile communication, OF, OFDM symbol timing}
}

@article{Byoung-JoKim2000,
    title = {{Blind equalization for short burst wireless communications}},
    year = {2000},
    journal = {IEEE Transactions on Vehicular Technology},
    author = {{Byoung-Jo Kim} and Cox, D.C.},
    number = {4},
    month = {7},
    pages = {1235--1247},
    volume = {49},
    url = {http://ieeexplore.ieee.org/lpdocs/epic03/wrapper.htm?arnumber=875234},
    doi = {10.1109/25.875234},
    issn = {00189545}
}

@article{Pacheco2005,
    title = {{Bayesian frame synchronization using periodic preamble for OFDM-based WLANs}},
    year = {2005},
    journal = {IEEE Signal Processing Letters},
    author = {Pacheco, Ryan A. and {\"{U}}reten, Oktay and Hatzinakos, Dimitrios and Serinken, Nur},
    number = {7},
    pages = {524--527},
    volume = {12},
    isbn = {1070-9908},
    doi = {10.1109/LSP.2005.849490},
    issn = {10709908},
    keywords = {Bayesian changepoint detection, Frame synchronization, IEEE 802.11a, Maximum a posteriori (MAP) estimation, Orthogonal frequency division multiplexing (OFDM), Periodic training signal, Wireless local area network (WLAN)}
}

@article{Park2004,
    title = {{A Blind OFDM Synchronization Algorithm Based on Cyclic Correlation}},
    year = {2004},
    journal = {IEEE Signal Processing Letters},
    author = {Park, B. and Cheon, H. and Ko, E. and Kang, C. and Hong, D.},
    number = {2},
    month = {2},
    pages = {83--85},
    volume = {11},
    url = {http://ieeexplore.ieee.org/lpdocs/epic03/wrapper.htm?arnumber=1261943},
    isbn = {0-7803-7206-9},
    doi = {10.1109/LSP.2003.819347},
    issn = {1070-9908},
    keywords = {Blind synchronization, Frequency offset estimator, Orthogonal frequency division multiplexing}
}

@article{Lee2011,
    title = {{Joint clock and frequency synchronization for OFDM-based cellular systems}},
    year = {2011},
    journal = {IEEE Signal Processing Letters},
    author = {Lee, Hyunbeom and Lee, Jungwoo},
    number = {12},
    pages = {757--760},
    volume = {18},
    doi = {10.1109/LSP.2011.2173764},
    issn = {10709908},
    keywords = {Carrier frequency offset, OFDM, sampling clock offset, synchronization}
}

@article{Lin2003,
    title = {{Low-complexity noncoherent PN code chip timing recovery with resistance to MAI for a bandlimited CDMA receiver}},
    year = {2003},
    journal = {IEEE Transactions on Vehicular Technology},
    author = {Lin, Jia Chin},
    number = {5},
    pages = {1315--1328},
    volume = {52},
    doi = {10.1109/TVT.2003.816628},
    issn = {00189545},
    keywords = {Code-division multiple access (CDMA), Direct-sequence spread spectrum (DS/SS), Multiple-access interference (MAI), Tracking}
}

@article{Wang2016,
    title = {{Maximum-Likelihood Blind Synchronization for GFDM Systems}},
    year = {2016},
    journal = {IEEE Signal Processing Letters},
    author = {Wang, Po-sen and Lin, David W},
    number = {6},
    month = {6},
    pages = {790--794},
    volume = {23},
    url = {http://ieeexplore.ieee.org/lpdocs/epic03/wrapper.htm?arnumber=7450163},
    doi = {10.1109/LSP.2016.2552234},
    issn = {1070-9908}
}

@article{Wang2015,
    title = {{On Maximum-Likelihood Blind Synchronization Over WSSUS Channels for OFDM Systems}},
    year = {2015},
    journal = {IEEE Transactions on Signal Processing},
    author = {Wang, Po-sen and Lin, David W},
    number = {19},
    month = {10},
    pages = {5045--5059},
    volume = {63},
    url = {http://ieeexplore.ieee.org/lpdocs/epic03/wrapper.htm?arnumber=7131581},
    doi = {10.1109/TSP.2015.2449253},
    issn = {1053-587X}
}

@article{Lee2009,
    title = {{Asymptotic equivalence between the UML and the extended SLN symbol timing estimation on an additive colored Gaussian noise channel}},
    year = {2009},
    journal = {IEEE Signal Processing Letters},
    author = {Lee, Dongjae and Cioffi, John M.},
    number = {3},
    pages = {196--199},
    volume = {16},
    isbn = {1070-9908},
    doi = {10.1109/LSP.2008.2011708},
    issn = {10709908},
    keywords = {Feedforward systems, Synchronization, Timing}
}

@article{Lopez-Salcedo2006,
    title = {{Asymptotic equivalence between the unconditional maximum likelihood and the square-law nonlinearity symbol timing estimation}},
    year = {2006},
    journal = {IEEE Transactions on Signal Processing},
    author = {Lopez-Salcedo, J. A. and Vazquez, G.},
    number = {1},
    month = {1},
    pages = {244--257},
    volume = {54},
    url = {http://ieeexplore.ieee.org/document/1561591/},
    doi = {10.1109/TSP.2005.859245},
    issn = {1053-587X},
    keywords = {Cyclostationarity, Nondata aided, Phase estimation, Second-order statistics, Synchronization, Timing}
}

@inproceedings{Kuschnerov2009,
    title = {{Data-aided vs. blind single-carrier coherent receivers}},
    year = {2009},
    booktitle = {2009 IEEE LEOS Annual Meeting Conference Proceedings},
    author = {Kuschnerov, Maxim and Piyawanno, Kittipong and De Man, Erik and Chouayakh, Mohamed and Spinnler, Bernhard and Alfiad, Mohammad and Napoli, Antonio and Lankl, Berthold},
    number = {November},
    month = {10},
    pages = {638--639},
    publisher = {IEEE},
    url = {http://ieeexplore.ieee.org/lpdocs/epic03/wrapper.htm?arnumber=5343409},
    isbn = {978-1-4244-3680-4},
    doi = {10.1109/LEOS.2009.5343409}
}

@article{Ma2003,
    title = {{Optimal training for block transmissions over doubly selective wireless fading channels}},
    year = {2003},
    journal = {IEEE Transactions on Signal Processing},
    author = {Ma, Xiaoli Ma Xiaoli and Giannakis, G.B. and Ohno, S.},
    number = {5},
    pages = {1351--1366},
    volume = {51},
    doi = {10.1109/TSP.2003.810304},
    issn = {1053-587X}
}

@article{Wang2004a,
    title = {{Blind feedforward cyclostationarity-based timing estimation for linear modulations}},
    year = {2004},
    journal = {IEEE Transactions on Wireless Communications},
    author = {Wang, Yan and Serpedin, Erchin and Ciblat, Philippe},
    number = {3},
    pages = {709--715},
    volume = {3},
    doi = {10.1109/TWC.2004.827734},
    issn = {15361276},
    keywords = {Cram??r-Rao bound (CRB), Cyclostationarity, Maximum likelihood (ML), Synchronization, Timing estimation}
}

@inproceedings{YanWang2002,
    title = {{Unified performance analysis of blind feedforward timing estimation}},
    year = {2002},
    booktitle = {Conference Record of the Thirty-Sixth Asilomar Conference on Signals, Systems and Computers, 2002.},
    author = {Wang, Y. and Serpedin, E. and Ciblat, P.},
    number = {1},
    pages = {639--643},
    volume = {1},
    publisher = {IEEE},
    url = {http://ieeexplore.ieee.org/lpdocs/epic03/wrapper.htm?arnumber=1197259},
    isbn = {0-7803-7576-9},
    doi = {10.1109/ACSSC.2002.1197259},
    keywords = {expectation-maximization, performance analysis}
}

@inproceedings{Bar-Ness1992,
    title = {{A new approach for evaluating the performance of a symbol timing recovery system employing a general type of nonlinearity}},
    year = {1992},
    booktitle = {[Conference Record] SUPERCOMM/ICC '92 Discovering a New World of Communications},
    author = {Bar-Ness, E.Y. and Panayirci, E.},
    pages = {1441--1445},
    publisher = {IEEE},
    url = {http://ieeexplore.ieee.org/lpdocs/epic03/wrapper.htm?arnumber=268108},
    isbn = {0-7803-0599-X},
    doi = {10.1109/ICC.1992.268108}
}

@article{Gini1998,
    title = {{Frequency offset and symbol timing recovery in flat-fading channels: a cyclostationary approach}},
    year = {1998},
    journal = {IEEE Transactions on Communications},
    author = {Gini, F. and Giannakis, G.B.},
    number = {3},
    month = {3},
    pages = {400--411},
    volume = {46},
    url = {http://ieeexplore.ieee.org/lpdocs/epic03/wrapper.htm?arnumber=662646 http://ieeexplore.ieee.org/document/662646/},
    doi = {10.1109/26.662646},
    issn = {00906778}
}

@article{Panayirci1996,
    title = {{A new approach for evaluating the performance of a symbol timing recovery system employing a general type of nonlinearity}},
    year = {1996},
    journal = {IEEE Transactions on Communications},
    author = {Panayirci, Erdal and Bar-Ness, E.K.},
    number = {1},
    pages = {29--33},
    volume = {44},
    url = {http://ieeexplore.ieee.org/lpdocs/epic03/wrapper.htm?arnumber=476093},
    isbn = {0-7803-0599-X},
    doi = {10.1109/26.476093},
    issn = {00906778}
}

@article{2011,
    title = {{基于循环平稳的前馈符号定时估计算法}},
    year = {2011},
    journal = {四川大学学报(自然科学版)},
    author = {罗, 青锋 and 何, 培宇}
}

@article{Santamaria2002,
    title = {{Entropy minimization for supervised digital communications channel equalization}},
    year = {2002},
    journal = {IEEE Transactions on Signal Processing},
    author = {Santamar{\'{i}}a, I. and Erdogmus, D. and Principe, J. C.},
    number = {5},
    month = {5},
    pages = {1184--1192},
    volume = {50},
    url = {http://ieeexplore.ieee.org/document/995074/},
    doi = {10.1109/78.995074},
    issn = {1053587X},
    keywords = {Adaptive equalization, Equalizers, Neural Networks, Nonlinear equalization, Renyi's entropy}
}

@phdthesis{Smith1996,
    title = {{Blind channel identification and equalization using second-order cyclostationarity}},
    year = {1996},
    author = {Smith, Dale},
    school = {The Pennsylvania State University}
}

@article{DAndrea1985,
    title = {{A Simulation Study of Clock Recovery in QPSK and 9QPRS Systems}},
    year = {1985},
    journal = {IEEE Transactions on Communications},
    author = {D'Andrea, N. and Mengali, U.},
    number = {10},
    month = {10},
    pages = {1139--1142},
    volume = {33},
    url = {http://doi.wiley.com/10.1111/php.12179 http://ieeexplore.ieee.org/lpdocs/epic03/wrapper.htm?arnumber=1096212},
    isbn = {8308003044},
    doi = {10.1109/TCOM.1985.1096212},
    issn = {0096-2244}
}

@article{Serpedin1998,
    title = {{Blind channel identification and equalization with modulation-induced cyclostationarity}},
    year = {1998},
    journal = {IEEE Transactions on Signal Processing},
    author = {Serpedin, Erchin and Giannakis, Georgios B.},
    number = {7},
    pages = {1930--1944},
    volume = {46},
    doi = {10.1109/78.700965},
    issn = {1053587X}
}

@article{Wu1995,
    title = {{A least-squares approach to blind channel identification}},
    year = {1995},
    journal = {IEEE Transactions on Signal Processing},
    author = {Wu, G. and Liu, H. and Tonh, L. and Kailath, T.},
    number = {12},
    pages = {2982--2993},
    volume = {43},
    url = {http://ieeexplore.ieee.org/lpdocs/epic03/wrapper.htm?arnumber=476442},
    doi = {10.1109/78.476442},
    issn = {1053587X},
    keywords = {Adaptive equalizers, Blind equalizers, Contracts, Finite impulse response filter, Hankel matrices, Hankel matrix, Higher order statistics, PROM, Power engineering and energy, Signal processing, System identification, US Government, blind channel identification, communication channel, equalisation, equalisers, identification, least squares approximations, least-squares approach, multichannel FIR systems, necessary and sufficient identifiability condition, signal sampling, statistical analysis, system input, system output, telecommunication channels, unknown deterministic signal}
}

@article{Yang2013,
    title = {{Novel batch algorithm of joint blind equalization, carrier phase recovery and timing recovery for short bursts}},
    year = {2013},
    journal = {IEEE Region 10 Annual International Conference, Proceedings/TENCON},
    author = {Yang, Bin and Wang, Dalei and Wu, Ying},
    number = {1},
    isbn = {9781479928262},
    doi = {10.1109/TENCON.2013.6718804},
    issn = {21593442},
    keywords = {blind equalization, carrier phase recovery, modified constant modulus, open-loop batch, timing recovery}
}

@article{Mueller1976,
    title = {{Timing Recovery in Digital Synchronous Data Receivers}},
    year = {1976},
    journal = {IEEE Transactions on Communications},
    author = {Mueller, Kurt H. and Muller, Markus},
    number = {5},
    pages = {516--531},
    volume = {24},
    isbn = {0090-6778},
    doi = {10.1109/TCOM.1976.1093326},
    issn = {00906778}
}

@article{Lopes2001,
    title = {{Blind iterative channel identification and equalization}},
    year = {2001},
    journal = {ICC 2001. IEEE International Conference on Communications. Conference Record (Cat. No.01CH37240)},
    author = {Lopes, R.R. and Barry, J.R.},
    pages = {2256--2260},
    volume = {7},
    isbn = {0-7803-7097-1},
    doi = {10.1109/ICC.2001.937057},
    issn = {05361486}
}

@article{Yang2013a,
    title = {{Joint batch implementation of blind equalization and timing recovery}},
    year = {2013},
    journal = {Journal of Communications},
    author = {Yang, Bin and Wang, Dalei and Wu, Ying},
    number = {7},
    pages = {449--455},
    volume = {8},
    doi = {10.12720/jcm.8.7.449-455},
    issn = {17962021},
    keywords = {Blind equalization, Constant modulus, Open-loop batch, Timing recovery}
}

@article{Han2010,
    title = {{On steepest descent adaptation: A novel batch implementation of blind equalization algorithms}},
    year = {2010},
    journal = {GLOBECOM - IEEE Global Telecommunications Conference},
    author = {Han, Huy Dung and Ding, Zhi and Hu, Junqiang and Qian, Dayou},
    pages = {1--6},
    isbn = {9781424456383},
    doi = {10.1109/GLOCOM.2010.5684129},
    keywords = {Batch algorithm, Blind equalization, Constant modulus, Frequency domain implementation, Open-loop}
}

@article{Slock1994,
    title = {{Blind fractionally-spaced equalization based on cyclostationarity}},
    year = {1994},
    journal = {Proceedings of IEEE Vehicular Technology Conference (VTC)},
    author = {Slock, D.T.M. and Papadias, C.B.},
    pages = {1286--1290},
    url = {http://ieeexplore.ieee.org/lpdocs/epic03/wrapper.htm?arnumber=345301},
    isbn = {0-7803-1927-3},
    doi = {10.1109/VETEC.1994.345301},
    issn = {1090-3038},
    keywords = {Additive noise, Blind equalizers, Convolution, Cramer-Rao bounds, Delay, Digital modulation, FIR ZF equalizers, FIR channel, FIR filters, Filter bank, Finite impulse response filter, Signal processing, Signal synthesis, Statistics, additive noise, analysis filter bank, blind deconvolution, blind fractionally-spaced equalization, cyclostationary received signal, deconvolution, digital communication, digital communications, equalisers, filtering theory, fractionally-spaced channel model, minimum-phase spectral factor, multichannel linear prediction, multichannel power spectral density matrix, noiseless received signal, oversampling, perfect-reconstruction filter bank, polyphase representation, prediction theory, second-order statistics, signal representation, signal sampling, spectral analysis, stationary vector-valued signal, symbol rate, synthesis filter bank, telecommunication channels, zero-forcing equalization}
}

@article{Tong1991,
    title = {{A new approach to blind identification and equalization of multipath channels}},
    year = {1991},
    journal = {1991 Conference Record of the TwentyFifth Asilomar Conference on Signals Systems Computers},
    author = {Tong, L and Xu, G and Kailath, T},
    number = {2},
    pages = {856--860},
    volume = {40},
    url = {http://ieeexplore.ieee.org/lpdocs/epic03/wrapper.htm?arnumber=186568},
    isbn = {0818624701},
    doi = {10.1109/ACSSC.1991.186568},
    issn = {10586393}
}

@article{Halford1997,
    title = {{Direct blind equalization for transmitter induced cyclostationarity}},
    year = {1997},
    journal = {First IEEE Signal Processing Workshop on Signal Processing  Advances in   Wireless Communications (Cat. No.97TH8281)},
    author = {Halford, S. D. and Giannakis, G. B.},
    pages = {117--20},
    isbn = {0780339444},
    doi = {10.1109/SPAWC.1997.630164}
}

@article{Orozco-Lugo2004,
    title = {{A transmitter induced cyclostationarity method for blind channel equalization insensitive to carrier frequency offset}},
    year = {2004},
    journal = {, 2004.(ICEEE). 1st},
    author = {Orozco-Lugo, AG and McLernon, DC},
    pages = {57--60},
    url = {http://ieeexplore.ieee.org/xpls/abs_all.jsp?arnumber=1433849},
    isbn = {0780385314}
}

@book{gardner1994cyclostationarity,
    title = {{Cyclostationarity in communications and signal processing}},
    year = {1994},
    author = {Gardner, W A},
    series = {Electrical engineering, communications and signal processing},
    publisher = {IEEE Press},
    url = {https://books.google.ca/books?id=7O5SAAAAMAAJ},
    isbn = {9780780304345}
}

@article{Tsatsanis1997,
    title = {{Transmitter induced cyclostationarity for blind channel equalization}},
    year = {1997},
    journal = {IEEE Transactions on Signal Processing},
    author = {Tsatsanis, M.K. and Giannakis, G.B.},
    number = {7},
    month = {7},
    pages = {1785--1794},
    volume = {45},
    url = {http://ieeexplore.ieee.org/lpdocs/epic03/wrapper.htm?arnumber=599947},
    doi = {10.1109/78.599947},
    issn = {1053587X}
}

@article{Tong1994,
    title = {{Blind identification and equalization based on a second order statistics: a time domain approach}},
    year = {1994},
    journal = {IEEE Trans. Inform. Theory},
    author = {Tong, L and Xu, G and Kailath, T},
    number = {2},
    pages = {340--349},
    volume = {40},
    doi = {10.1109/18.312157}
}

@article{Cheng2005,
    title = {{Joint design of interpolation filters and decision feedback equalizers}},
    year = {2005},
    journal = {IEEE Transactions on Communications},
    author = {Cheng, Mu H. and Kao, Tsai Sheng},
    number = {6},
    pages = {914--918},
    volume = {53},
    doi = {10.1109/TCOMM.2005.849689},
    issn = {00906778},
    keywords = {Alternating coordinates minimization algorithm, Decision feedback equalizers, Interpolation filters}
}

@book{barry2004digital,
    title = {{Digital Communication}},
    year = {2004},
    author = {Barry, J R and Lee, E A and Messerschmitt, D G},
    number = {v. 1},
    publisher = {Springer US},
    url = {https://books.google.ca/books?id=hPx70ozDJlwC},
    isbn = {9780792375487}
}

@article{Simon2007,
    title = {{Synchronization over rapidly time-varying multipath channel for CDMA downlink RAKE receivers in time-division mode}},
    year = {2007},
    journal = {IEEE Transactions on Vehicular Technology},
    author = {Simon, Eric and Ros, Laurent and Raoof, Kosai},
    number = {4 II},
    pages = {2216--2225},
    volume = {56},
    doi = {10.1109/TVT.2007.897664},
    issn = {00189545},
    keywords = {Code-division multiple access (CDMA), Downlink, Multipath channels, Phase estimation}
}

@article{Radosevic2014,
    title = {{Adaptive OFDM modulation for underwater acoustic communications: Design considerations and experimental results}},
    year = {2014},
    journal = {IEEE Journal of Oceanic Engineering},
    author = {Radosevic, Andreja and Ahmed, Rameez and Duman, Tolga M. and Proakis, John G. and Stojanovic, Milica},
    number = {2},
    pages = {357--370},
    volume = {39},
    isbn = {0001410105},
    doi = {10.1109/JOE.2013.2253212},
    issn = {03649059},
    keywords = {Adaptive modulation, Feedback, Orthogonal frequency-division multiplexing (OFDM), Underwater acoustic (UWA) communication}
}

@book{lindsey1973telecommunication,
    title = {{Telecommunication systems engineering}},
    year = {1973},
    author = {Lindsey, W C and Sim{\'{o}}n, M K},
    series = {Prentice-Hall information and system sciences series},
    publisher = {Prentice-Hall},
    url = {https://books.google.ca/books?id=vvtSAAAAMAAJ},
    isbn = {9780139024290}
}

@book{gardner1988demodulator,
    title = {{Demodulator Reference Recovery Techniques Suited for Digital Implementation}},
    year = {1988},
    author = {Gardner, F. M.},
    publisher = {Gardner Research Comp.},
    url = {https://books.google.ca/books?id=BqQ_NQAACAAJ}
}

@article{Mosquera2008,
    title = {{Non-data-aided symbol rate estimation of linearly modulated signals}},
    year = {2008},
    journal = {IEEE Transactions on Signal Processing},
    author = {Mosquera, Carlos and Scalise, Sandro and L{\'{o}}pez-Valcarce, Roberto},
    number = {2},
    pages = {664--674},
    volume = {56},
    isbn = {1053-587X},
    doi = {10.1109/TSP.2007.907888},
    issn = {1053587X},
    keywords = {Cyclostationarity, Frequency estimation, Maximum-likelihood (ML) estimation, Non-data-aided, Synchronization}
}

@article{Classen1993a,
    title = {{Two frequency estimation schemes operating independently of timing information}},
    year = {1993},
    journal = {Proc.{\~{}}IEEE Global Telecommun. Conf.},
    author = {Classen, F and Meyr, H},
    pages = {1996--2000},
    volume = {00},
    isbn = {0780309170}
}

@article{Hai-ying2010,
    title = {{Blind Estimation of MPSK / MQAM Symbol Rate with Nonlinear Processing}},
    year = {2010},
    journal = {Journal of University of Electronic Science and Technology of China},
    author = {Hai-ying, Zhang and Chao-wei, Yuan},
    number = {6},
    volume = {39},
    doi = {10.3969/j.issn.1001-0548.2010.06.004}
}

@article{Ciblat2002,
    title = {{Asymptotic analysis of blind cyclic correlation-based symbol-rate estimators}},
    year = {2002},
    journal = {IEEE Transactions on Information Theory},
    author = {Ciblat, Philippe and Loubaton, Philippe and Serpedin, Erchin and Giannakis, Georgios B.},
    number = {7},
    pages = {1922--1934},
    volume = {48},
    doi = {10.1109/TIT.2002.1013133},
    issn = {00189448},
    keywords = {Cumulant, Cyclostationary, Estimation, Frequency, Spectrum estimation, Symbol rate}
}

@article{Serpedin2000,
    title = {{Blind channel and carrier frequency offset estimation using periodic modulation precoders}},
    year = {2000},
    journal = {IEEE Transactions on Signal Processing},
    author = {Serpedin, E. and Chevreuil, a. and Giannakis, G.B. and Loubaton, P.},
    number = {8},
    pages = {2389--2405},
    volume = {48},
    url = {http://ieeexplore.ieee.org/lpdocs/epic03/wrapper.htm?arnumber=852019},
    doi = {10.1109/78.852019},
    issn = {1053587X}
}

@inproceedings{Swami1998,
    title = {{Performance analysis of cyclic estimators for harmonics in multiplicative and additive noise}},
    year = {1998},
    booktitle = {Proceedings of the 1998 IEEE International Conference on Acoustics, Speech and Signal Processing, ICASSP '98 (Cat. No.98CH36181)},
    author = {Swami, A. and Ghogho, M.},
    number = {12},
    pages = {2309--2312},
    volume = {4},
    publisher = {IEEE},
    url = {http://ieeexplore.ieee.org/lpdocs/epic03/wrapper.htm?arnumber=681611 http://ieeexplore.ieee.org/document/681611/},
    isbn = {0-7803-4428-6},
    doi = {10.1109/ICASSP.1998.681611},
    issn = {07367791}
}

@article{Yu2005,
    title = {{Symbol-rate estimation based on filter bank}},
    year = {2005},
    journal = {Proceedings - IEEE International Symposium on Circuits and Systems},
    author = {Yu, Zaihe and Shi, Yun Q. and Su, Wei},
    number = {1},
    pages = {1437--1440},
    isbn = {0-7803-8834-8},
    doi = {10.1109/ISCAS.2005.1464868},
    issn = {02714310}
}

@inproceedings{Wu2012,
    title = {{Blind cyclostationary carrier frequency and symbol rate estimation for underwater acoustic communication}},
    year = {2012},
    booktitle = {2012 IEEE International Conference on Communications (ICC)},
    author = {Wu, Zhiqiang and Yang, T. C.},
    number = {1},
    month = {6},
    pages = {3482--3486},
    volume = {2},
    publisher = {IEEE},
    url = {http://ieeexplore.ieee.org/document/6364536/},
    isbn = {978-1-4577-2053-6},
    doi = {10.1109/ICC.2012.6364536},
    issn = {15503607}
}

@inproceedings{JongYoulLee1997,
    title = {{On a timing recovery technique for a variable symbol rate signal}},
    year = {1997},
    booktitle = {1997 IEEE 47th Vehicular Technology Conference. Technology in Motion},
    author = {{Jong Youl Lee} and {Young Mo Chung} and {Sang Uk Lee}},
    pages = {1724--1728},
    volume = {3},
    publisher = {IEEE},
    url = {http://ieeexplore.ieee.org/document/605853/},
    isbn = {0-7803-3659-3},
    doi = {10.1109/VETEC.1997.605853}
}

@article{Chan1997,
    title = {{Symbol rate estimation by the wavelet transform}},
    year = {1997},
    journal = {Circuits and Systems, 1997. ISCAS'97., Proceedings of 1997 IEEE International Symposium on},
    author = {Chan, Y.T. T and Plews, J.W. W and Ho, K.C. C},
    number = {3},
    pages = {177--180},
    volume = {1},
    isbn = {0-7803-3583-X},
    doi = {10.1109/ISCAS.1997.608654},
    issn = {02714310}
}

@article{Giannakis1995,
    title = {{Harmonics in multiplicative and additive noise: performance analysis of cyclic estimators}},
    year = {1995},
    journal = {IEEE Transactions on Signal Processing},
    author = {Giannakis, G.B.},
    number = {6},
    pages = {1445--1460},
    volume = {43},
    url = {http://ieeexplore.ieee.org/lpdocs/epic03/wrapper.htm?arnumber=388857},
    doi = {10.1109/78.388857},
    issn = {1053587X}
}

@article{Giannakis1995a,
    title = {{Harmonics in multiplicative and additive noise: parameter estimation using cyclic statistics}},
    year = {1995},
    journal = {IEEE Transactions on Signal Processing},
    author = {Giannakis, G.B. and {Guotong Zhou}},
    number = {9},
    pages = {2217--2221},
    volume = {43},
    url = {http://ieeexplore.ieee.org/document/414790/},
    doi = {10.1109/78.414790},
    issn = {1053587X}
}

@article{Rife1974,
    title = {{Single-Tone Parameter Estimation from Discrete-Time Observations}},
    year = {1974},
    journal = {IEEE Transactions on Information Theory},
    author = {Rife, David C. and Boorstyn, Robert R.},
    number = {5},
    pages = {591--598},
    volume = {20},
    isbn = {0018-9448 VO - 20},
    doi = {10.1109/TIT.1974.1055282},
    issn = {15579654}
}

@inproceedings{Bousquet2016,
    title = {{Predicting the performance of a dual-band bi-directional transceiver for shallow water deployments}},
    year = {2016},
    booktitle = {Proceedings of the 11th ACM International Conference on Underwater Networks {\&} Systems - WUWNet '16},
    author = {Bousquet, Jean-françois and Liu, Xiao},
    pages = {1--8},
    publisher = {ACM Press},
    url = {http://dl.acm.org/citation.cfm?doid=2999504.3001107},
    address = {New York, New York, USA},
    isbn = {9781450346375},
    doi = {10.1145/2999504.3001107}
}

@article{Costas1956,
    title = {{Synchronous Communications}},
    year = {1956},
    journal = {Proceedings of the IRE},
    author = {Costas, John},
    number = {12},
    month = {12},
    pages = {1713--1718},
    volume = {44},
    url = {http://ieeexplore.ieee.org/document/4051948/},
    doi = {10.1109/JRPROC.1956.275063},
    issn = {0096-8390}
}

@inproceedings{Karam1992,
    title = {{Simplified versions of the maximum-likelihood frequency detector}},
    year = {1992},
    booktitle = {GLOBECOM '92 - Communications for Global Users: IEEE},
    author = {Karam, G and Daffara, F. and Sari, H},
    pages = {345--349},
    publisher = {IEEE},
    url = {http://ieeexplore.ieee.org/document/276466/},
    isbn = {0-7803-0608-2},
    doi = {10.1109/GLOCOM.1992.276466}
}

@inproceedings{Huangzhijie2004,
    title = {{8PSK demodulation for new generation DVB-S2}},
    year = {2004},
    booktitle = {2004 International Conference on Communications, Circuits and Systems (IEEE Cat. No.04EX914)},
    author = {{Huang zhijie} and {Yi zhiqiang} and {Zhang Ming} and {Wang Kuang}},
    pages = {1447--1450},
    publisher = {IEEE},
    url = {http://ieeexplore.ieee.org/document/1346447/},
    isbn = {0-7803-8647-7},
    doi = {10.1109/ICCCAS.2004.1346447},
    keywords = {8psk, dvb-s2, ser}
}

@article{Godard1980,
    title = {{Self-recovering equalization and carrier tracking in two dimensional data communication systems}},
    year = {1980},
    journal = {IEEE transactions on communications},
    author = {Godard, G H},
    number = {11},
    pages = {1867--1875},
    volume = {28},
    isbn = {0090-6778},
    doi = {10.1109/TCOM.1980.1094608},
    issn = {0090-6778}
}

@article{Zhao2013,
    title = {{Entropy minimization based phase compensation for echoes of high dynamic targets}},
    year = {2013},
    journal = {Proceedings of the 2013 6th International Congress on Image and Signal Processing, CISP 2013},
    author = {Zhao, Yang and Qian, Weiping},
    number = {Cisp},
    pages = {1578--1582},
    volume = {3},
    isbn = {9781479927647},
    doi = {10.1109/CISP.2013.6743927},
    keywords = {Entropy minimization, Meaurement precision, Nonlinearity, Phase compensation}
}

@article{Elgenedy2013,
    title = {{Blind symbol rate estimation using autocorrelation and zero crossing detection}},
    year = {2013},
    journal = {IEEE International Conference on Communications},
    author = {Elgenedy, Mahmoud A. and Elezabi, Ayman},
    pages = {4750--4755},
    isbn = {9781467331227},
    doi = {10.1109/ICC.2013.6655324},
    issn = {15503607},
    keywords = {Blind estimation, Cyclic correlation, DVB-C, Spline interpolation, Symbol rate estimation}
}

@article{Shannon1948,
    title = {{A Mathematical Theory of Communication}},
    year = {1948},
    journal = {Bell System Technical Journal},
    author = {Shannon, C. E.},
    number = {3},
    pages = {379--423},
    volume = {27},
    isbn = {0252725484},
    doi = {10.1002/j.1538-7305.1948.tb01338.x},
    issn = {15387305},
    pmid = {9230594},
    arxivId = {chao-dyn/9411012}
}

@book{proakis2000,
    title = {{Digital communications}},
    year = {2000},
    author = {Proakis, J G},
    edition = {4th},
    pages = {795--797},
    publisher = {McGraw-Hill},
    url = {https://books.google.ca/books?id=sbr8QwAACAAJ https://www.amazon.com/Digital-Communications-John-Proakis-Fourth/dp/B004IOVT9A},
    address = {New York},
    isbn = {9780070517264}
}

@book{haykin2014adaptive,
    title = {{Adaptive Filter Theory}},
    year = {2014},
    author = {Haykin, S and Haykin, S S},
    publisher = {Pearson Education},
    url = {https://books.google.ca/books?id=J4GRKQEACAAJ},
    isbn = {9780132671453}
}

@article{Montazeri2010,
    title = {{Design and performance analysis of a low complexity digital clock recovery algorithm for software-defined radio applications}},
    year = {2010},
    journal = {IEEE Transactions on Consumer Electronics},
    author = {Montazeri, Ali and Kiasaleh, Kamran},
    number = {3},
    pages = {1258--1263},
    volume = {56},
    doi = {10.1109/TCE.2010.5606256},
    issn = {00983063},
    keywords = {FPGA, Pulse Amplitude Modulation, Software Defined Radio, Symbols, Synchronization}
}

@article{Nicoloso1997,
    title = {{An Investigation of Carrier Recovery Techniques for PSK Modulated Signals in CDMA and Multipath Mobile Environments}},
    year = {1997},
    author = {Nicoloso, Steven P.},
    number = {June},
    url = {http://scholar.lib.vt.edu/theses/available/etd-113317959711591/unrestricted/nicoloso.pdf}
}

@article{Feigin2002,
    title = {{Practical Costas loop design}},
    year = {2002},
    journal = {RF signal processing},
    author = {Feigin, Jeff},
    number = {January},
    pages = {20--36},
    url = {http://defenseelectronicsmag.com/site-files/defenseelectronicsmag.com/files/archive/rfdesign.com/images/archive/0102Feigin20.pdf},
    doi = {10.1049/el:19860268}
}

@article{Huang2008,
    title = {{Carrier Frequency Offset Estimation Based on the Wrapped Phase Entropy}},
    year = {2008},
    journal = {2008 IEEE International Conference on Communications},
    author = {Huang, Y. and Yuan, Q. and Lu, Y.},
    number = {2},
    pages = {936--940},
    url = {http://ieeexplore.ieee.org/lpdocs/epic03/wrapper.htm?arnumber=4533219},
    isbn = {978-1-4244-2075-9},
    doi = {10.1109/ICC.2008.183},
    keywords = {- constellations convergence, 10, 11, Carrier Frequency Offset Estimation Based on the W, algorithms proposed in, and, and the performance is, carrier frequency offset, estimation, phase entropy, probability density function, severely degraded for short-duration, signals}
}

@article{Kapahi2012,
    title = {{Analytical Investigations on carrier recovery for a 16-QAM Receiver used in software defined radio}},
    year = {2012},
    journal = {International Journal of Scientific {\&} Engineering Research},
    author = {Kapahi, Mansi and Sappal, Amandeep Singh},
    number = {2},
    pages = {1--7},
    volume = {3},
    keywords = {carrier recovery, closed loop system, communication system, phase lock loop, qam receiver, random walk filter, synchronizer}
}

@article{Dick2000,
    title = {{Synchronization in software radios - Carrier and timing recovery using FPGAs}},
    year = {2000},
    journal = {IEEE Symposium on FPGAs for Custom Computing Machines, Proceedings},
    author = {Dick, Chris and Harris, Fred and Rice, Michael},
    pages = {195--204},
    volume = {2000-Janua},
    isbn = {0769508715},
    doi = {10.1109/FPGA.2000.903406},
    issn = {10823409}
}

@book{2009wireless,
    title = {{Wireless Communications: Principles and Practice}},
    year = {2001},
    author = {Rappaport, T},
    edition = {2nd},
    series = {Prentice Hall communications engineering and emerging technologies series},
    publisher = {Prentice Hall PTR},
    isbn = {9788131728826}
}

@article{Cincotta1995,
    title = {{Astronomical Time Series Analysis. I. A Search for Periodicity Using Information Entropy}},
    year = {1995},
    journal = {The Astrophysical Journal},
    author = {Cincotta, Pablo M. and Mendez, Mariano and Nunez, Josue A.},
    number = {1},
    pages = {231},
    volume = {449},
    url = {http://adsabs.harvard.edu/doi/10.1086/176050},
    doi = {10.1086/176050},
    issn = {0004-637X},
    arxivId = {arXiv:1011.1669v3},
    keywords = {high resolution images, research, risks management, sustainable reconstruction}
}

@article{Graham2013,
    title = {{Using conditional entropy to identify periodicity}},
    year = {2013},
    journal = {Monthly Notices of the Royal Astronomical Society},
    author = {Graham, Matthew J. and Drake, Andrew J. and Djorgovski, S. G. and Mahabal, Ashish A. and Donalek, Ciro},
    number = {3},
    month = {9},
    pages = {2629--2635},
    volume = {434},
    url = {https://academic.oup.com/mnras/article-lookup/doi/10.1093/mnras/stt1206},
    isbn = {0004-6361},
    doi = {10.1093/mnras/stt1206},
    issn = {0035-8711},
    arxivId = {arXiv:1306.6664v2},
    keywords = {Data analysis-techniques, Methods, Miscellaneous, Photometric-astronomical data basesxs}
}

@article{Haar,
    title = {{Equalizer-based symbol-rate timing recovery for digital subscriber line systems}},
    journal = {Global Telecommunications Conference, 2002. GLOBECOM '02. IEEE},
    author = {Haar, S. and Daecke, D. and Zukunft, R. and Magesacher, T.},
    pages = {312--316},
    volume = {1},
    url = {http://ieeexplore.ieee.org/lpdocs/epic03/wrapper.htm?arnumber=1188091},
    isbn = {0-7803-7632-3},
    doi = {10.1109/GLOCOM.2002.1188091}
}

@article{Bercher2000,
    title = {{Estimating the entropy of a signal with applications}},
    year = {2000},
    journal = {IEEE Transactions on Signal Processing},
    author = {Bercher, J. F. and Vignat, C.},
    number = {6},
    month = {6},
    pages = {1687--1694},
    volume = {48},
    url = {http://ieeexplore.ieee.org/document/845926/},
    isbn = {0-7803-5041-3},
    doi = {10.1109/78.845926},
    issn = {1053587X}
}

@article{Wang2002a,
    title = {{Performance analysis of a class of nondata-aided frequency offset and symbol timing estimators for flat-fading channels}},
    year = {2002},
    journal = {IEEE Transactions on Signal Processing},
    author = {{Yan Wang} and Ciblat, Philippe and Serpedin, Erchin and Loubaton, Philippe},
    number = {9},
    month = {9},
    pages = {2295--2305},
    volume = {50},
    url = {http://ieeexplore.ieee.org/document/1025591/},
    doi = {10.1109/TSP.2002.801919},
    issn = {1053-587X},
    keywords = {Cyclic correlation, Cyclostationarity, Fractionally sampling, Synchronization}
}

@article{Benvenuto2005,
    title = {{Iterative Design and Detection of a DFE in the Frequency Domain}},
    year = {2005},
    journal = {IEEE Transactions on Communications},
    author = {Benvenuto, Nevio and Tomasin, Stefano},
    number = {11},
    month = {11},
    pages = {1867--1875},
    volume = {53},
    url = {http://ieeexplore.ieee.org/document/1532483/},
    doi = {10.1109/TCOMM.2005.858666},
    issn = {0090-6778},
    pmid = {1532483},
    keywords = {Decision-feedback equalizer (DFE), Discrete Fourier transform (DFT), Frequency domain, Hard detection, Iterative equalizer, Soft detection}
}

@article{:194304,
    title = {{单载波频域均衡中的水声信道频域响应与噪声估计}},
    year = {2014},
    journal = {物理学报},
    author = {张歆 张小蓟, 邢晓飞 姜丽伟},
    number = {19},
    pages = {194304},
    volume = {63},
    publisher = {物理学报},
    url = {http://wulixb.iphy.ac.cn/CN/abstract/article_61157.shtml},
    doi = {10.7498/aps.63.194304},
    keywords = {信道估计, 信道均衡, 单载波频域均衡, 水声通信}
}

@article{Benvenuto2002,
    title = {{Block iterative DFE for single carrier modulation}},
    year = {2002},
    journal = {Electronics Letters},
    author = {Benvenuto, N. and Tomasin, S.},
    number = {19},
    pages = {1144},
    volume = {38},
    doi = {10.1049/el:20020767},
    issn = {00135194}
}

@article{Zhang2014,
    title = {{水声信道中的迭代分组判决反馈均衡器}},
    year = {2014},
    journal = {Journal of Electronics {\&} Information Technology},
    author = {Zhang, Xin and Zhang, Xiao-ji},
    number = {3},
    pages = {683--688},
    volume = {35},
    url = {http://pub.chinasciencejournal.com/article/getArticleRedirect.action?doiCode=10.3724/SP.J.1146.2012.00948},
    doi = {10.3724/SP.J.1146.2012.00948},
    issn = {1009-5896},
    keywords = {decision feedback equalizer, equalization, frequency channel estimation, sc-fde, single carrier frequency domain, underwater acoustic channel, underwater acoustic communication}
}

@article{Stamoulis2001,
    title = {{Block FIR decision-feedback equalizers for filterbank precoded transmissions with blind channel estimation capabilities}},
    year = {2001},
    journal = {IEEE Transactions on Communications},
    author = {Stamoulis, Anastasios and Giannakis, Georgios B. and Scaglione, Anna},
    number = {1},
    pages = {69--83},
    volume = {49},
    doi = {10.1109/26.898252},
    issn = {00906778}
}

@article{2016,
    title = {{强多径干扰下的水声通信均衡算法研究}},
    year = {2016},
    author = {{李记龙，冯海泓，黄敏燕}},
    keywords = {memory fast-optimized lms, mfolms, multipath propagation, pll-dfe, underwater acoustic}
}

@article{He2009,
    title = {{Single carrier frequency domain equalizer for underwater wireless communication}},
    year = {2009},
    journal = {Proceedings - 2009 WRI International Conference on Communications and Mobile Computing, CMC 2009},
    author = {He, C and Huang, J and Zhang, Q and Shen, X},
    pages = {186--190},
    volume = {1},
    url = {http://www.scopus.com/inward/record.url?eid=2-s2.0-64549113482&partnerID=40&md5=7412e3f0dc416363949c280361bb9927},
    isbn = {978-0-7695-3501-2},
    doi = {10.1109/CMC.2009.24}
}

@article{Xia2014,
    title = {{Underwater Acoustic Communication in a Highly Refractive Environment Using SC-FDE}},
    year = {2014},
    journal = {IEEE Journal of Oceanic Engineering},
    author = {Xia, Menglu and Rouseff, Daniel and Ritcey, James A. and Zou, Xiang and Polprasert, Chantri and Xu, Wen},
    number = {3},
    month = {7},
    pages = {491--499},
    volume = {39},
    url = {http://ieeexplore.ieee.org/document/6566158/},
    doi = {10.1109/JOE.2013.2257232},
    issn = {0364-9059},
    keywords = {Refraction, rough surface scattering, single-carrier frequency-domain equalization (SC-F, underwater acoustic communications}
}

@article{Shynk1992a,
    title = {{Frequency-domain and multirate adaptive filtering}},
    year = {1992},
    journal = {IEEE Signal Processing Magazine},
    author = {Shynk, J.J.},
    number = {1},
    month = {1},
    pages = {14--37},
    volume = {9},
    url = {http://ieeexplore.ieee.org/document/109205/},
    isbn = {1053-5888},
    doi = {10.1109/79.109205},
    issn = {1053-5888}
}

@article{Falconer2002a,
    title = {{Frequency domain equalization for single-carrier broadband wireless systems}},
    year = {2002},
    journal = {IEEE Communications Magazine},
    author = {Falconer, D. and Ariyavisitakul, S.L. and Benyamin-Seeyar, A. and Eidson, B.},
    number = {4},
    month = {4},
    pages = {58--66},
    volume = {40},
    url = {http://ieeexplore.ieee.org/document/4100184/ http://ieeexplore.ieee.org/document/995852/},
    isbn = {1536-1276},
    doi = {10.1109/35.995852},
    issn = {01636804},
    keywords = {Broadband wireless systems, Channel estimation, Single-carrier, Turbo frequency domain equalization}
}

@article{2012a,
    title = {{水声系统单载波频域均衡方法比较}},
    year = {2012},
    journal = {厦门大学学报（自然科学版）},
    author = {{郭瑜晖} and {孙海信} and {程恩} and {袁飞} and {蒯小燕}}
}

@article{Pancaldi2008c,
    title = {{Single-carrier frequency domain equalization}},
    year = {2008},
    journal = {IEEE Signal Processing Magazine},
    author = {Pancaldi, F. and Vitetta, G. and Kalbasi, R. and Al-Dhahir, N. and Uysal, M. and Mheidat, H.},
    number = {5},
    month = {9},
    pages = {37--56},
    volume = {25},
    url = {http://ieeexplore.ieee.org/document/5764828/ http://ieeexplore.ieee.org/document/995852/ http://ieeexplore.ieee.org/document/4607215/},
    isbn = {0001404105},
    doi = {10.1109/MSP.2008.926657},
    issn = {1053-5888}
}

@article{Pancaldi2008b,
    title = {{Single-carrier frequency domain equalization}},
    year = {2008},
    journal = {IEEE Signal Processing Magazine},
    author = {Pancaldi, F. and Vitetta, G.M. and Kalbasi, R. and Al-Dhahir, N. and Uysal, M. and Mheidat, H.},
    number = {5},
    pages = {37--56},
    volume = {25},
    url = {http://ieeexplore.ieee.org.ezproxy.neu.edu/ielx5/79/4607202/04607215.pdf?tp=&arnumber=4607215&isnumber=4607202%5Cnhttp://ieeexplore.ieee.org.ezproxy.neu.edu/xpl/articleDetails.jsp?arnumber=4607215&sortType=asc_p_Sequence&filter=AND(p_IS_Number:4607202)},
    isbn = {1053-5888},
    doi = {10.1109/MSP.2008.926657},
    issn = {1053-5888}
}

@article{Al-Dhahir2001a,
    title = {{Single-carrier frequency-domain equalization for space-time block-coded transmissions over frequency-selective fading channels}},
    year = {2001},
    journal = {IEEE Communications Letters},
    author = {Al-Dhahir, N},
    number = {7},
    month = {7},
    pages = {304--306},
    volume = {5},
    url = {http://ieeexplore.ieee.org/document/935750/},
    doi = {10.1109/4234.935750},
    issn = {1089-7798},
    keywords = {Alamouti-like scheme, SC-MMSE-FDE, block codes, block-coding, broadband wireless channels, diversity gains, diversity reception, equalisers, fading channels, frequency-selective fading channels, maximum likelihood decoding, radio links, radio receivers, single-carrier frequency-domain equalization, space-time block-coding, space-time coding, transmit antennas, transmit diversity, transmitting antennas}
}

@phdthesis{Liu2007a,
    title = {{FREQUENCY-DOMAIN EQUALIZATION OF SINGLE CARRIER TRANSMISSIONS OVER DOUBLY SELECTIVE CHANNELS}},
    year = {2007},
    author = {Liu, Hong}
}

@book{oppenheim1997signals,
    title = {{Signals and Systems}},
    year = {1997},
    author = {Oppenheim, A V and Willsky, A S and Nawab, S H},
    series = {Prentice-Hall signal processing series},
    publisher = {Prentice Hall},
    url = {https://books.google.ca/books?id=LwQqAQAAMAAJ},
    isbn = {9780138147570}
}

@article{Song2010a,
    title = {{The Equivalency of Minimum Error Entropy Criterion and Minimum Dispersion Criterion for Symmetric Stable Signal Processing}},
    year = {2010},
    journal = {IEEE Signal Processing Letters},
    author = {Song, Aimin and Qiu, Tianshuang},
    number = {1},
    month = {1},
    pages = {32--35},
    volume = {17},
    url = {http://ieeexplore.ieee.org/lpdocs/epic03/wrapper.htm?arnumber=5233761 http://ieeexplore.ieee.org/document/5233761/},
    isbn = {1070-9908},
    doi = {10.1109/LSP.2009.2031716},
    issn = {1070-9908},
    keywords = {formula> stable distributions, minimum dispersion, minimum error entropy, renyi s quadratic entropy, symmetric <formula formulatype= inline ><tex notat, tex> <, time delay estimation}
}

@article{Hu2016a,
    title = {{Convergence of Gradient Descent for Minimum Error Entropy Principle in Linear Regression}},
    year = {2016},
    journal = {IEEE Transactions on Signal Processing},
    author = {Hu, Ting and Wu, Qiang and Zhou, Ding Xuan},
    number = {24},
    pages = {6571--6579},
    volume = {64},
    isbn = {1053-587X VO  - PP},
    doi = {10.1109/TSP.2016.2612169},
    issn = {1053587X},
    keywords = {Minimum error entropy, error analysis, error information, global convergence, gradient descent method}
}

@article{Erdogmus2003a,
    title = {{Online entropy manipulation: stochastic information gradient}},
    year = {2003},
    journal = {IEEE Signal Processing Letters},
    author = {Erdogmus, Deniz and Hild, K.E. and Principe, J.C.},
    number = {8},
    month = {8},
    pages = {242--245},
    volume = {10},
    url = {http://ieeexplore.ieee.org/document/1213542/},
    doi = {10.1109/LSP.2003.814400},
    issn = {1070-9908},
    keywords = {Shannon's entropy, Stochastic gradient for entropy}
}

@article{Principe2000a,
    title = {{Learning from examples with information theoretic criteria}},
    year = {2000},
    journal = {The Journal of VLSI Signal Processing},
    author = {Principe, J. C. and Xu, D. and Zhao, Q. and Fisher III, J.W.},
    number = {1-2},
    pages = {61--77},
    volume = {26},
    isbn = {0922-5773},
    doi = {A:1008143417156},
    issn = {0922-5773}
}

@article{Erdogmus2002a,
    title = {{An error-entropy minimization algorithm for supervised training of nonlinear adaptive systems}},
    year = {2002},
    journal = {IEEE Transactions on Signal Processing},
    author = {Erdogmus, D. and Principe, J. C.},
    number = {7},
    pages = {1780--1786},
    volume = {50},
    isbn = {1053-587X VO - 50},
    doi = {10.1109/TSP.2002.1011217},
    issn = {1053587X},
    keywords = {Minimum error entropy, Renyi's entropy}
}

@article{DAndrea1994,
    title = {{The Modified Cramer-Rao Bound and its Application to Synchronization Problems}},
    year = {1994},
    journal = {IEEE Transactions on Communications},
    author = {D'Andrea, Aldo N. and Mengali, Umberto and Reggiannini, Ruggero},
    number = {234},
    pages = {1391--1399},
    volume = {42},
    doi = {10.1109/TCOMM.1994.580247},
    issn = {00906778}
}

@article{Shaw2013,
    title = {{Optimum Pilot Sequences for Data-Aided Synchronization}},
    year = {2013},
    journal = {IEEE Transactions on Communications},
    author = {Shaw, Christopher and Rice, Michael},
    number = {6},
    pages = {2546--2556},
    volume = {61},
    isbn = {9781424456383},
    doi = {10.1109/TCOMM.2013.032713.120575},
    issn = {00906778}
}

@article{Sabel1994,
    title = {{Performance of two symbol timing recovery algorithms for PSK demodulators}},
    year = {1994},
    journal = {IEEE Transactions on Communications},
    author = {Sabel, Lesley P. and Cowley, William G.},
    number = {6},
    pages = {2345--2355},
    volume = {42},
    doi = {10.1109/26.293686},
    issn = {00906778}
}

@article{Moeneclaey1992,
    title = {{Tracking performance comparison of two feedforward ML-oriented carrier-independent NDA symbol synchronizers}},
    year = {1992},
    journal = {IEEE Transactions on Communications},
    author = {Moeneclaey, Marc and de Jonghe, Geert},
    number = {9},
    pages = {1423--1425},
    volume = {40},
    doi = {10.1109/26.163562},
    issn = {00906778}
}

@article{Scardoni2015,
    title = {{Impact of self noise on tracking performance of non-data-aided digital timing recovery}},
    year = {2015},
    journal = {Journal of Lightwave Technology},
    author = {Scardoni, Federica and Magarini, Maurizio and Spalvieri, Arnaldo},
    number = {18},
    pages = {3755--3762},
    volume = {33},
    doi = {10.1109/JLT.2015.2452313},
    issn = {07338724},
    keywords = {Clock recovery, phase noise, self noise, synchronization, timing jitter}
}

@article{Glance1983,
    title = {{Frequency-Selective Fading Effects in Digital Mobile Radio with Diversity Combining}},
    year = {1983},
    journal = {IEEE Transactions on Communications},
    author = {Glance, B. and Greenstein, L.},
    number = {9},
    pages = {1085--1094},
    volume = {31},
    url = {http://ieeexplore.ieee.org/document/1095939/},
    isbn = {0013-5194},
    doi = {10.1109/TCOM.1983.1095939},
    issn = {0090-6778}
}

@inproceedings{YuanlingHuang2007,
    title = {{Small carrier frequency difference detection based on the relative phase entropy}},
    year = {2007},
    booktitle = {2007 International Symposium on Communications and Information Technologies},
    author = {Huang, Y. and Lu, Y.},
    month = {10},
    pages = {1417--1422},
    publisher = {IEEE},
    url = {http://ieeexplore.ieee.org/document/4392238/},
    isbn = {978-1-4244-0976-1},
    doi = {10.1109/ISCIT.2007.4392238}
}

@article{Pincus1991,
    title = {{Approximate entropy as a measure of system complexity.}},
    year = {1991},
    journal = {Proceedings of the National Academy of Sciences},
    author = {Pincus, S. M.},
    number = {6},
    month = {3},
    pages = {2297--2301},
    volume = {88},
    url = {http://www.pnas.org/content/88/6/2297.abstract},
    doi = {10.1073/pnas.88.6.2297}
}

@article{Richman2000,
    title = {{Physiological time-series analysis using approximate entropy and sample entropy.}},
    year = {2000},
    journal = {American journal of physiology. Heart and circulatory physiology},
    author = {Richman, J. S. and Moorman, J. R.},
    number = {6},
    month = {6},
    pages = {2039--49},
    volume = {278},
    issn = {0363-6135 (Print)},
    pmid = {10843903},
    keywords = {Biological, Entropy, Humans, Models, Nonlinear Dynamics, Physiology, Time Factors, methods},
    language = {eng}
}

@inproceedings{renyi1961measures,
    title = {{On measures of entropy and information}},
    year = {1961},
    booktitle = {Proceedings of the Fourth Berkeley Symposium on Mathematical Statistics and Probability, Volume 1: Contributions to the Theory of Statistics},
    author = {R{\'{e}}nyi, A.},
    organization = {The Regents of the University of California}
}

@article{Bromiley2004,
    title = {{Shannon entropy, Renyi entropy, and information}},
    year = {2004},
    journal = {Statistics and Information Series},
    author = {Bromiley, P. A.},
    number = {2004},
    pages = {1--8},
    url = {http://www.tina-vision.net/docs/memos/2004-004.pdf},
    isbn = {5521258671},
    doi = {10.1016/j.patrec.2004.03.003},
    issn = {01678655}
}

@article{Sun2009,
    title = {{A minimum entropy estimation based mobile positioning algorithm}},
    year = {2009},
    journal = {IEEE Transactions on Wireless Communications},
    author = {Sun, Guolin and Hu, Bo},
    number = {1},
    month = {1},
    pages = {24--27},
    volume = {8},
    url = {http://ieeexplore.ieee.org/lpdocs/epic03/wrapper.htm?arnumber=4426109 http://ieeexplore.ieee.org/document/4786474/},
    isbn = {0-7695-3048-6},
    doi = {10.1109/T-WC.2009.071039},
    issn = {1536-1276},
    keywords = {and bs is determined, bss, distance between the ms, from, in the toa method, minimum entropy estimation, mobile positioning, non-line of, sight, signal received at the, the}
}

@article{Cha2007,
    title = {{Comprehensive Survey on Distance / Similarity Measures between Probability Density Functions}},
    year = {2007},
    journal = {International Journal of Mathematical Models and Methods in Applied Sciences},
    author = {Cha, S.},
    number = {4},
    pages = {300--307},
    volume = {1},
    url = {http://citeseerx.ist.psu.edu/viewdoc/download?doi=10.1.1.154.8446&amp;rep=rep1&amp;type=pdf},
    isbn = {1433-7347 (Electronic){\textbackslash}r0942-2056 (Linking)},
    doi = {10.1007/s00167-009-0884-z},
    issn = {14337347},
    pmid = {19672579},
    keywords = {distance, histogram, probability density function}
}

@inproceedings{Liu1711:Entropy,
    title = {{Entropy Minimization Based Synchronization Algorithm for Underwater Acoustic Receivers}},
    year = {2017},
    booktitle = {The Eleventh ACM International Conference on Underwater Networks and Systems (WUWNet 2017) (WUWNet'17)},
    author = {Liu, Xiao and Bousquet, Jean-Francois},
    month = {11},
    pages = {0--4},
    address = {Halifax, Canada},
    isbn = {9781450355612},
    keywords = {Entropy Minimization, Synchronization}
}

@article{Oerder1987,
    title = {{Derivation of Gardner's Timing-Error Detector from the Maximum Likelihood Principle}},
    year = {1987},
    journal = {IEEE Transactions on Communications},
    author = {Oerder, M.},
    number = {8714577},
    pages = {684--685},
    volume = {35},
    doi = {10.1109/TCOM.1987.1096826},
    issn = {0090-6778},
    keywords = {Maximum-likelihood detection Synchronization Bandw}
}

@book{renyi1976selected,
    title = {{Selected papers of Alfr{\'{e}}d R{\'{e}}nyi}},
    year = {1976},
    author = {R{\'{e}}nyi, A},
    number = {v. 2},
    series = {Selected Papers of Alfr{\'{e}}d R{\'{e}}nyi},
    publisher = {Akad{\'{e}}miai Kiad{\'{o}}},
    url = {https://books.google.ca/books?id=rfTuAAAAMAAJ}
}

@article{OShea2017,
    title = {{An Introduction to Deep Learning for the Physical Layer}},
    year = {2017},
    author = {O'Shea, Timothy J. and Hoydis, Jakob},
    pages = {1--13},
    url = {http://arxiv.org/abs/1702.00832},
    isbn = {2332-7731},
    doi = {10.1109/TCCN.2017.2758370},
    issn = {2332-7731},
    arxivId = {1702.00832}
}

@article{Farsad2017,
    title = {{Detection Algorithms for Communication Systems Using Deep Learning}},
    year = {2017},
    author = {Farsad, Nariman and Goldsmith, Andrea},
    url = {http://arxiv.org/abs/1705.08044},
    arxivId = {1705.08044}
}

@article{Ferguson2016,
    title = {{Convolutional Neural Networks for Passive Monitoring of a Shallow Water Environment using a Single Sensor}},
    year = {2016},
    author = {Ferguson, Eric L. and Ramakrishnan, Rishi and Williams, Stefan B. and Jin, Craig T.},
    pages = {2657--2661},
    url = {http://arxiv.org/abs/1612.03505},
    isbn = {9781509041176},
    doi = {10.1109/ICASSP.2017.7952638},
    arxivId = {1612.03505}
}

@article{OShea2016a,
    title = {{Radio Transformer Networks: Attention Models for Learning to Synchronize in Wireless Systems}},
    year = {2016},
    journal = {Conference Record - Asilomar Conference on Signals, Systems and Computers},
    author = {O'Shea, Timothy J. and Pemula, Latha and Batra, Dhruv and Clancy, T. Charles},
    month = {5},
    pages = {662--666},
    url = {http://arxiv.org/abs/1605.00716},
    isbn = {9781538639542},
    doi = {10.1109/ACSSC.2016.7869126},
    issn = {10586393},
    arxivId = {1605.00716},
    keywords = {Attention Models, Cognitive Radio, Con-volutional Autoencoders, Deep Learning, Machine Learning, Neural Networks, Radio Transformer Networks, Radio communications, RadioML, Signal Processing, Software Radio, Spatial Transformer Networks, Synchronization}
}

@article{Dorner2017,
    title = {{Deep Learning-Based Communication Over the Air}},
    year = {2017},
    author = {D{\"{o}}rner, Sebastian and Cammerer, Sebastian and Hoydis, Jakob and Brink, Stephan ten},
    month = {7},
    pages = {1--11},
    url = {http://arxiv.org/abs/1707.03384},
    arxivId = {1707.03384}
}

@article{OShea2016,
    title = {{Convolutional radio modulation recognition networks}},
    year = {2016},
    journal = {Communications in Computer and Information Science},
    author = {O’Shea, Timothy J. and Corgan, Johnathan and Clancy, T. Charles},
    pages = {213--226},
    volume = {629},
    isbn = {9783319441870},
    doi = {10.1007/978-3-319-44188-7{\_}16},
    issn = {18650929},
    arxivId = {1602.04105},
    keywords = {Cognitive radio, Convolutional networks, Deep learning, Dynamic spectrum access, Machine learning, Modulation recognition, Radio, Software radio}
}

@article{West2017,
    title = {{Deep Architectures for Modulation Recognition}},
    year = {2017},
    journal = {2017 IEEE International Symposium on Dynamic Spectrum Access Networks, DySPAN 2017},
    author = {West, Nathan E. and O'Shea, Timothy J.},
    month = {3},
    url = {http://arxiv.org/abs/1703.09197},
    isbn = {9781509028306},
    doi = {10.1109/DySPAN.2017.7920754},
    arxivId = {1703.09197}
}

@article{Amoh2016,
    title = {{Deep Neural Networks for Identifying Cough Sounds}},
    year = {2016},
    journal = {IEEE transactions on biomedical circuits and systems},
    author = {Amoh, Justice and Odame, Kofi},
    number = {5},
    pages = {1003--1011},
    volume = {10},
    doi = {10.1109/TBCAS.2016.2598794},
    issn = {19409990},
    pmid = {27654978}
}

@article{Bentes2017,
    title = {{Ship Classification in TerraSAR-X Images With Convolutional Neural Networks}},
    year = {2017},
    journal = {IEEE Journal of Oceanic Engineering},
    author = {Bentes, Carlos and Velotto, Domenico and Tings, Bjorn},
    number = {1},
    pages = {258--266},
    volume = {43},
    doi = {10.1109/JOE.2017.2767106},
    issn = {03649059},
    keywords = {Clutter, Feature extraction, Image resolution, Marine vehicles, Neural networks, Oceans, Synthetic aperture radar, object detection, synthetic aperture radar}
}

@article{Xie2012,
    title = {{Exact Signal Model and New Carrier Frequency Offset Compensation Scheme for OFDM}},
    year = {2012},
    journal = {IEEE Transactions on Wireless Communications},
    author = {Xie, B. and Qiu, W. and Minn, H.},
    number = {2},
    month = {2},
    pages = {550--555},
    volume = {11},
    url = {http://ieeexplore.ieee.org/xpls/abs_all.jsp?arnumber=6108298 http://ieeexplore.ieee.org/document/6108298/},
    doi = {10.1109/TWC.2011.120611.111490},
    issn = {1536-1276}
}

@article{Amar2017,
    title = {{Low Complexity Residual Doppler Shift Estimation for Underwater Acoustic Multicarrier Communication}},
    year = {2017},
    journal = {IEEE Transactions on Signal Processing},
    author = {Amar, A. and Avrashi, G. and Stojanovic, M.},
    number = {8},
    pages = {2063--2076},
    volume = {65},
    doi = {10.1109/TSP.2016.2630039},
    issn = {1053587X},
    keywords = {Underwater acoustic communication, carrier frequency offset, orthogonal frequency division multiplexing}
}

@inproceedings{Li2006,
    title = {{Pilot-tone based ZP-OFDM Demodulation for an Underwater Acoustic Channel}},
    year = {2006},
    booktitle = {OCEANS 2006},
    author = {Li, B. and Zhou, S. and Stojanovic, M. and Freitag, L.},
    month = {9},
    pages = {1--5},
    publisher = {IEEE},
    url = {http://ieeexplore.ieee.org/document/4098993/},
    isbn = {1-4244-0114-3},
    doi = {10.1109/OCEANS.2006.306838}
}

@article{Parzen1962,
    title = {{On Estimation of a Probability Density Function and Mode}},
    year = {1962},
    journal = {The Annals of Mathematical Statistics},
    author = {Parzen, E.},
    number = {3},
    month = {9},
    pages = {1065--1076},
    volume = {33},
    url = {http://projecteuclid.org/euclid.aoms/1177704472},
    doi = {10.1214/aoms/1177704472},
    issn = {0003-4851}
}

@article{Botev2010a,
    title = {{Kernel density estimation via diffusion}},
    year = {2010},
    journal = {The Annals of Statistics},
    author = {Botev, Z. I. and Grotowski, J. F. and Kroese, D. P.},
    number = {5},
    month = {10},
    pages = {2916--2957},
    volume = {38},
    url = {http://projecteuclid.org/euclid.aos/1281964340},
    doi = {10.1214/10-AOS799},
    issn = {0090-5364}
}

@article{Stojanovic2009,
    title = {{Underwater acoustic communication channels: Propagation models and statistical characterization}},
    year = {2009},
    journal = {IEEE Commun. Mag.},
    author = {Stojanovic, M. and Preisig, J.},
    number = {1},
    pages = {84--89},
    volume = {47},
    url = {http://ieeexplore.ieee.org/xpl/articleDetails.jsp?arnumber=4752682},
    isbn = {1595934847},
    doi = {10.1109/MCOM.2009.4752682},
    issn = {0163-6804},
    pmid = {22124087}
}

@article{Botev2010,
    title = {{Kernel density estimation via diffusion}},
    year = {2010},
    journal = {The Annals of Statistics},
    author = {Botev, Z. I. and Grotowski, J. F. and Kroese, D. P.},
    number = {5},
    month = {10},
    pages = {2916--2957},
    volume = {38},
    url = {http://projecteuclid.org/euclid.aos/1281964340},
    doi = {10.1214/10-AOS799},
    issn = {0090-5364}
}

@article{m,
    title = {{基于m序列信号的多普勒补偿方法}}
}

@misc{_,
    title = {{数字通信系统中同步技术的研究{\_}谭雪霏}}
}

@misc{_b,
    title = {{无线通信系统中载波同步关键技术研究{\_}晏辉}}
}

@misc{_c,
    title = {{低轨小卫星移动通信系统的载波同步设计{\_}李荔}}
}

@misc{_d,
    title = {{无线通信数字调制载波同步算法分析与软件设计{\_}代遵超}}
}

@misc{_e,
    title = {{数字通信系统中载波恢复方法的研究{\_}郭春梅}}
}

@misc{_f,
    title = {{通信系统中的全数字载波恢复技术研究及实现{\_}赵潜}}
}

@misc{2014b,
    title = {{基于改进强跟踪无迹卡尔曼滤波的正交频分复用频偏跟踪和估计算法}},
    year = {2014}
}

@misc{.pdf,
    title = {{改进的非数据辅助前向反馈符号定时恢复算法 .pdf}}
}

@article{,
    title = {{基于卡尔曼滤波算法的活动抽头均衡器}}
}

@misc{.pdfb,
    title = {{一种改进的水声信道载波恢复盲均衡算法.pdf}}
}

@misc{b,
    title = {{水声通信信道载波相位恢复盲均衡算法研究}}
}

@misc{Gardner.pdf,
    title = {{基于Gardner定时恢复算法的改进方法.pdf}}
}

@misc{c,
    title = {{一种改进的水声信道载波恢复盲均衡算法}}
}

@article{2008Godard,
    title = {{Godard 带通采样时钟恢复算法的研究}},
    year = {2008}
}

@article{2003,
    title = {{修正恒模算法分数间隔盲均衡}},
    year = {2003}
}

@misc{_g,
    title = {{并行全数字接收机中的时钟恢复与载波恢复{\_}王英健}}
}

@article{d,
    title = {{基于四阶累积量切片谱的谐波信号线谱提取}}
}

@article{OFDM,
    title = {{OFDM 系统中符号同步算法的研究}},
    number = {100876},
    pages = {1--10}
}

@article{Chen2017MinimumChannels,
    title = {{Minimum Symbol-Error Rate Based Adaptive Decision Feedback Equalizer in Underwater Acoustic Channels}},
    year = {2017},
    journal = {IEEE Access},
    author = {Chen, Fangjiong and Lin, Shaoe and Zheng, Beixiong and Li, Qiang and Wen, Miaowen and Liu, Yun and Ji, Fei},
    number = {c},
    pages = {1--1},
    volume = {XX},
    url = {http://ieeexplore.ieee.org/document/8107486/},
    doi = {10.1109/ACCESS.2017.2772302},
    issn = {2169-3536}
}

@article{Singer2009SignalCommunications,
    title = {{Signal processing for underwater acoustic communications}},
    year = {2009},
    journal = {Communications Magazine, {\ldots}},
    author = {Singer, AC and Nelson, JK and Kozat, SS},
    number = {January},
    pages = {90--96},
    url = {http://ieeexplore.ieee.org/xpls/abs_all.jsp?arnumber=4752683}
}